<?xml version="1.0" encoding="UTF-8"?>
  <collection xmlns="http://www.loc.gov/MARC21/slim">
      <record>
         <leader>00000nz  a2200169   4500</leader>
         <controlfield tag="001">30078029</controlfield>
         <controlfield tag="003">RISM</controlfield>
         <controlfield tag="005">20160216</controlfield>
         <controlfield tag="008">160216n||az|||||||##########||||||||||||</controlfield>
         <datafield tag="040" ind1=" " ind2=" ">
            <subfield code="a">US-AAbhl</subfield>
         </datafield>
         <datafield tag="043" ind1=" " ind2=" ">
            <subfield code="c">US</subfield>
         </datafield>
         <datafield tag="110" ind1="2" ind2=" ">
            <subfield code="a">University of Michigan, Bentley Historical Library</subfield>
            <subfield code="c">Ann Arbor, MI</subfield>
            <subfield code="g">US-AAbhl</subfield>
         </datafield>
         <datafield tag="622" ind1=" " ind2=" ">
            <subfield code="e">University of Michigan, Bentley,  Historical Library, 1150 Beal Avenue, Ann Arbor, MI 48109-2113, USA</subfield>
            <subfield code="u">http://bentley.umich.edu/</subfield>
         </datafield>
      </record>