
      <record>
         <leader>00000nz  a2200169   4500</leader>
         <controlfield tag="001">30003160</controlfield>
         <controlfield tag="003">RISM</controlfield>
         <controlfield tag="005">20160216</controlfield>
         <controlfield tag="008">160216n||az|||||||##########||||||||||||</controlfield>
         <datafield tag="040" ind1=" " ind2=" ">
            <subfield code="a">US-AAc</subfield>
         </datafield>
         <datafield tag="043" ind1=" " ind2=" ">
            <subfield code="c">XD-US</subfield>
         </datafield>
         <datafield tag="110" ind1="2" ind2=" ">
            <subfield code="a">William L. Clements Library, University of Michigan</subfield>
            <subfield code="c">Ann Arbor, MI</subfield>
            <subfield code="g">US-AAc</subfield>
         </datafield>
         <datafield tag="410" ind1="2" ind2=" ">
            <subfield code="a">University of Michigan, William L. Clements Library</subfield>
         </datafield>
      </record>