
      <record>
         <leader>00000nz  a2200169   4500</leader>
         <controlfield tag="001">30078030</controlfield>
         <controlfield tag="003">RISM</controlfield>
         <controlfield tag="005">20160216</controlfield>
         <controlfield tag="008">160216n||az|||||||##########||||||||||||</controlfield>
         <datafield tag="040" ind1=" " ind2=" ">
            <subfield code="a">US-AAscl</subfield>
         </datafield>
         <datafield tag="043" ind1=" " ind2=" ">
            <subfield code="c">US</subfield>
         </datafield>
         <datafield tag="110" ind1="2" ind2=" ">
            <subfield code="a">University of Michigan, Special Collections Library</subfield>
            <subfield code="c">Ann Arbor, Ml</subfield>
            <subfield code="g">US-AAscl</subfield>
         </datafield>
         <datafield tag="622" ind1=" " ind2=" ">
            <subfield code="e">University of Michigan, Special,  Collections Library, Hatcher Graduate Library 8 South, 913 S. University Avenue, Ann Arbor, Ml 48109-1190, USA</subfield>
            <subfield code="u">http://www.lib.umich.edu/special-collections-library</subfield>
         </datafield>
      </record>