
      <record>
         <leader>00000nz  a2200169   4500</leader>
         <controlfield tag="001">30002177</controlfield>
         <controlfield tag="003">RISM</controlfield>
         <controlfield tag="005">20160216</controlfield>
         <controlfield tag="008">160216n||az|||||||##########||||||||||||</controlfield>
         <datafield tag="040" ind1=" " ind2=" ">
            <subfield code="a">US-AAu</subfield>
         </datafield>
         <datafield tag="043" ind1=" " ind2=" ">
            <subfield code="c">XD-US</subfield>
         </datafield>
         <datafield tag="110" ind1="2" ind2=" ">
            <subfield code="a">University of Michigan, Music Library</subfield>
            <subfield code="c">Ann Arbor, MI</subfield>
            <subfield code="g">US-AAu</subfield>
         </datafield>
         <datafield tag="410" ind1="2" ind2=" ">
            <subfield code="a">William L. Clements Library and University of Michigan Libraries</subfield>
         </datafield>
         <datafield tag="410" ind1="2" ind2=" ">
            <subfield code="a">Clements Library and General Library, University of Michigan</subfield>
         </datafield>
         <datafield tag="622" ind1=" " ind2=" ">
            <subfield code="e">University of Michigan, Music Library, 3239 Moore Building, Baits Dr., North,  Campus, Ann Arbor, MI 48109-2085, USA</subfield>
            <subfield code="u">http://www.lib.umich.edu/music/</subfield>
         </datafield>
      </record>