
      <record>
         <leader>00000nz  a2200169   4500</leader>
         <controlfield tag="001">30002180</controlfield>
         <controlfield tag="003">RISM</controlfield>
         <controlfield tag="005">20160216</controlfield>
         <controlfield tag="008">160216n||az|||||||##########||||||||||||</controlfield>
         <datafield tag="040" ind1=" " ind2=" ">
            <subfield code="a">US-AL</subfield>
         </datafield>
         <datafield tag="043" ind1=" " ind2=" ">
            <subfield code="c">XD-US</subfield>
         </datafield>
         <datafield tag="110" ind1="2" ind2=" ">
            <subfield code="a">Muhlenberg College, John A. W. Haas Library</subfield>
            <subfield code="c">Allentown, PA</subfield>
            <subfield code="g">US-AL</subfield>
         </datafield>
         <datafield tag="622" ind1=" " ind2=" ">
            <subfield code="e">Muhlenberg College, John A. W. Haas, Library, 2400 Chew St., US-Allentown, PA 18104, Vereinigte Staaten</subfield>
         </datafield>
      </record>