
      <record>
         <leader>00000nz  a2200169   4500</leader>
         <controlfield tag="001">30080661</controlfield>
         <controlfield tag="003">RISM</controlfield>
         <controlfield tag="005">20160216</controlfield>
         <controlfield tag="008">160216n||az|||||||##########||||||||||||</controlfield>
         <datafield tag="040" ind1=" " ind2=" ">
            <subfield code="a">US-ALBusc</subfield>
         </datafield>
         <datafield tag="043" ind1=" " ind2=" ">
            <subfield code="c">XD-US</subfield>
         </datafield>
         <datafield tag="110" ind1="2" ind2=" ">
            <subfield code="a">The University of New Mexico, University Libraries, Center for Southwest Research and Special Collections</subfield>
            <subfield code="c">Albuquerque, NM</subfield>
            <subfield code="g">US-ALBusc</subfield>
         </datafield>
         <datafield tag="622" ind1=" " ind2=" ">
            <subfield code="e">The University of New Mexico, University,  Libraries, Center for Southwest,  Research and Special Collections, Zimmerman Library 1st floor. West Wing, MSC05 3020, Albuquerque, NM 87131, USA</subfield>
            <subfield code="u">http://elibrary.unm.edu/cswr/strengths.php</subfield>
         </datafield>
      </record>