
      <record>
         <leader>00000nz  a2200169   4500</leader>
         <controlfield tag="001">30002181</controlfield>
         <controlfield tag="003">RISM</controlfield>
         <controlfield tag="005">20160216</controlfield>
         <controlfield tag="008">160216n||az|||||||##########||||||||||||</controlfield>
         <datafield tag="040" ind1=" " ind2=" ">
            <subfield code="a">US-ALX</subfield>
         </datafield>
         <datafield tag="043" ind1=" " ind2=" ">
            <subfield code="c">XD-US</subfield>
         </datafield>
         <datafield tag="110" ind1="2" ind2=" ">
            <subfield code="a">George Washington Masonic Museum and Library</subfield>
            <subfield code="c">Alexandria, VA</subfield>
            <subfield code="g">US-ALX</subfield>
         </datafield>
         <datafield tag="410" ind1="2" ind2=" ">
            <subfield code="a">George Washington Masonic Museum</subfield>
         </datafield>
         <datafield tag="410" ind1="2" ind2=" ">
            <subfield code="a">George Washington Masonic National Memorial Association</subfield>
         </datafield>
         <datafield tag="622" ind1=" " ind2=" ">
            <subfield code="e">George Washington Masonic Museum and, Library, US-Alexandria, VA 22301, Vereinigte Staaten</subfield>
         </datafield>
      </record>