
      <record>
         <leader>00000nz  a2200169   4500</leader>
         <controlfield tag="001">30002182</controlfield>
         <controlfield tag="003">RISM</controlfield>
         <controlfield tag="005">20160216</controlfield>
         <controlfield tag="008">160216n||az|||||||##########||||||||||||</controlfield>
         <datafield tag="040" ind1=" " ind2=" ">
            <subfield code="a">US-AM</subfield>
         </datafield>
         <datafield tag="043" ind1=" " ind2=" ">
            <subfield code="c">XD-US</subfield>
         </datafield>
         <datafield tag="110" ind1="2" ind2=" ">
            <subfield code="a">Amherst College, Vincent Morgan Music Library</subfield>
            <subfield code="c">Amherst, MA</subfield>
            <subfield code="g">US-AM</subfield>
         </datafield>
         <datafield tag="410" ind1="2" ind2=" ">
            <subfield code="a">Amherst College, Robert Frost Building</subfield>
         </datafield>
         <datafield tag="410" ind1="2" ind2=" ">
            <subfield code="a">Amherst College Library</subfield>
         </datafield>
         <datafield tag="622" ind1=" " ind2=" ">
            <subfield code="e">Amherst College, Vincent Morgan Music, Library, Music Center, US-Amherst, MA 01002, Vereinigte Staaten</subfield>
         </datafield>
      </record>