
      <record>
         <leader>00000nz  a2200169   4500</leader>
         <controlfield tag="001">30002183</controlfield>
         <controlfield tag="003">RISM</controlfield>
         <controlfield tag="005">20160216</controlfield>
         <controlfield tag="008">160216n||az|||||||##########||||||||||||</controlfield>
         <datafield tag="040" ind1=" " ind2=" ">
            <subfield code="a">US-AMB</subfield>
         </datafield>
         <datafield tag="043" ind1=" " ind2=" ">
            <subfield code="c">XD-US</subfield>
         </datafield>
         <datafield tag="110" ind1="2" ind2=" ">
            <subfield code="a">Old Economy Village, Music Archive</subfield>
            <subfield code="c">Ambridge, PA</subfield>
            <subfield code="g">US-AMB</subfield>
         </datafield>
         <datafield tag="410" ind1="2" ind2=" ">
            <subfield code="a">Old Economy Village Archive</subfield>
         </datafield>
         <datafield tag="622" ind1=" " ind2=" ">
            <subfield code="e">Old Economy Village, Music Archive, 14th &amp; Church Sts., US-Ambridge, PA, 15003, Vereinigte Staaten</subfield>
         </datafield>
      </record>