
      <record>
         <leader>00000nz  a2200169   4500</leader>
         <controlfield tag="001">30004187</controlfield>
         <controlfield tag="003">RISM</controlfield>
         <controlfield tag="005">20160216</controlfield>
         <controlfield tag="008">160216n||az|||||||##########||||||||||||</controlfield>
         <datafield tag="040" ind1=" " ind2=" ">
            <subfield code="a">US-ANCu</subfield>
         </datafield>
         <datafield tag="043" ind1=" " ind2=" ">
            <subfield code="c">XD-US</subfield>
         </datafield>
         <datafield tag="110" ind1="2" ind2=" ">
            <subfield code="a">Unicersity of Alaska, Anchorage, University Library, Special Collections, Music Collection</subfield>
            <subfield code="c">Anchorage, AK</subfield>
            <subfield code="g">US-ANCu</subfield>
         </datafield>
         <datafield tag="622" ind1=" " ind2=" ">
            <subfield code="e">Unicersity of Alaska, Anchorage,, University Library, Special, Collections, Music Collection, 3211 Providence Dr., US-Anchorage, AK, 99504, Vereinigte Staaten</subfield>
         </datafield>
      </record>