
      <record>
         <leader>00000nz  a2200169   4500</leader>
         <controlfield tag="001">30004188</controlfield>
         <controlfield tag="003">RISM</controlfield>
         <controlfield tag="005">20160216</controlfield>
         <controlfield tag="008">160216n||az|||||||##########||||||||||||</controlfield>
         <datafield tag="040" ind1=" " ind2=" ">
            <subfield code="a">US-ANhs</subfield>
         </datafield>
         <datafield tag="043" ind1=" " ind2=" ">
            <subfield code="c">XD-US</subfield>
         </datafield>
         <datafield tag="110" ind1="2" ind2=" ">
            <subfield code="a">Andover Historical Society, Amos Blanchard House</subfield>
            <subfield code="c">Andover, MA</subfield>
            <subfield code="g">US-ANhs</subfield>
         </datafield>
         <datafield tag="622" ind1=" " ind2=" ">
            <subfield code="e">Andover Historical Society, Amos, Blanchard House, 97 Main St., US-Andover, MA 01810, Vereinigte Staaten</subfield>
         </datafield>
      </record>