
      <record>
         <leader>00000nz  a2200169   4500</leader>
         <controlfield tag="001">30002184</controlfield>
         <controlfield tag="003">RISM</controlfield>
         <controlfield tag="005">20160216</controlfield>
         <controlfield tag="008">160216n||az|||||||##########||||||||||||</controlfield>
         <datafield tag="040" ind1=" " ind2=" ">
            <subfield code="a">US-ANN</subfield>
         </datafield>
         <datafield tag="043" ind1=" " ind2=" ">
            <subfield code="c">XD-US</subfield>
         </datafield>
         <datafield tag="110" ind1="2" ind2=" ">
            <subfield code="a">Lebanon Valley College, Gossard Memorial Library</subfield>
            <subfield code="c">Annville, PA</subfield>
            <subfield code="g">US-ANN</subfield>
         </datafield>
         <datafield tag="622" ind1=" " ind2=" ">
            <subfield code="e">Lebanon Valley College, Gossard, Memorial Library, US-Annville, PA 17003, Vereinigte Staaten</subfield>
         </datafield>
      </record>