
      <record>
         <leader>00000nz  a2200169   4500</leader>
         <controlfield tag="001">30004189</controlfield>
         <controlfield tag="003">RISM</controlfield>
         <controlfield tag="005">20160216</controlfield>
         <controlfield tag="008">160216n||az|||||||##########||||||||||||</controlfield>
         <datafield tag="040" ind1=" " ind2=" ">
            <subfield code="a">US-ATp</subfield>
         </datafield>
         <datafield tag="043" ind1=" " ind2=" ">
            <subfield code="c">XD-US</subfield>
         </datafield>
         <datafield tag="110" ind1="2" ind2=" ">
            <subfield code="a">Atlanta Public Library</subfield>
            <subfield code="c">Atlanta, GA</subfield>
            <subfield code="g">US-ATp</subfield>
         </datafield>
         <datafield tag="622" ind1=" " ind2=" ">
            <subfield code="e">Atlanta Public Library, Fine Arts Dept., 126 Carnegie Way, NW,, US-Atlanta, GA 30303, Vereinigte Staaten</subfield>
         </datafield>
      </record>