
      <record>
         <leader>00000nz  a2200169   4500</leader>
         <controlfield tag="001">30002188</controlfield>
         <controlfield tag="003">RISM</controlfield>
         <controlfield tag="005">20160216</controlfield>
         <controlfield tag="008">160216n||az|||||||##########||||||||||||</controlfield>
         <datafield tag="040" ind1=" " ind2=" ">
            <subfield code="a">US-AU</subfield>
         </datafield>
         <datafield tag="043" ind1=" " ind2=" ">
            <subfield code="c">XD-US</subfield>
         </datafield>
         <datafield tag="110" ind1="2" ind2=" ">
            <subfield code="a">Wells College Library</subfield>
            <subfield code="c">Aurora, NY</subfield>
            <subfield code="g">US-AU</subfield>
         </datafield>
         <datafield tag="622" ind1=" " ind2=" ">
            <subfield code="e">Wells College Library, US-Aurora, NY 13026, Vereinigte Staaten</subfield>
         </datafield>
      </record>