
      <record>
         <leader>00000nz  a2200169   4500</leader>
         <controlfield tag="001">30002189</controlfield>
         <controlfield tag="003">RISM</controlfield>
         <controlfield tag="005">20160216</controlfield>
         <controlfield tag="008">160216n||az|||||||##########||||||||||||</controlfield>
         <datafield tag="040" ind1=" " ind2=" ">
            <subfield code="a">US-AUS</subfield>
         </datafield>
         <datafield tag="043" ind1=" " ind2=" ">
            <subfield code="c">XD-US</subfield>
         </datafield>
         <datafield tag="110" ind1="2" ind2=" ">
            <subfield code="a">University of Texas at Austin, Harry Ransom Center</subfield>
            <subfield code="c">Austin, TX</subfield>
            <subfield code="g">US-AUS</subfield>
         </datafield>
         <datafield tag="410" ind1="2" ind2=" ">
            <subfield code="a">Miriam Lutcher Stark Library and Academie Center Library</subfield>
         </datafield>
         <datafield tag="622" ind1=" " ind2=" ">
            <subfield code="e">University of Texas at Austin, Harry,  Ransom Center, P.O. Box 7219, Austin, TX 78712, USA</subfield>
            <subfield code="u">http://www.hrc.utexas.edu</subfield>
         </datafield>
      </record>