
      <record>
         <leader>00000nz  a2200169   4500</leader>
         <controlfield tag="001">30002206</controlfield>
         <controlfield tag="003">RISM</controlfield>
         <controlfield tag="005">20160216</controlfield>
         <controlfield tag="008">160216n||az|||||||##########||||||||||||</controlfield>
         <datafield tag="040" ind1=" " ind2=" ">
            <subfield code="a">US-BAhs</subfield>
         </datafield>
         <datafield tag="043" ind1=" " ind2=" ">
            <subfield code="c">XD-US</subfield>
         </datafield>
         <datafield tag="110" ind1="2" ind2=" ">
            <subfield code="a">Maryland Historical Society Library</subfield>
            <subfield code="c">Baltimore, MD</subfield>
            <subfield code="g">US-BAhs</subfield>
         </datafield>
         <datafield tag="622" ind1=" " ind2=" ">
            <subfield code="e">Maryland Historical Society Library, 201 W Monument St., Baltimore, MD 21201, USA</subfield>
         </datafield>
      </record>