
      <record>
         <leader>00000nz  a2200169   4500</leader>
         <controlfield tag="001">30004190</controlfield>
         <controlfield tag="003">RISM</controlfield>
         <controlfield tag="005">20160216</controlfield>
         <controlfield tag="008">160216n||az|||||||##########||||||||||||</controlfield>
         <datafield tag="040" ind1=" " ind2=" ">
            <subfield code="a">US-BAK</subfield>
         </datafield>
         <datafield tag="043" ind1=" " ind2=" ">
            <subfield code="c">XD-US</subfield>
         </datafield>
         <datafield tag="110" ind1="2" ind2=" ">
            <subfield code="a">California State College, Bakersfield, Library</subfield>
            <subfield code="c">Bakersfield, CA</subfield>
            <subfield code="g">US-BAK</subfield>
         </datafield>
         <datafield tag="622" ind1=" " ind2=" ">
            <subfield code="e">California State College, Bakersfield,, Library, 9001 Stockdale Highway, US-Bakersfield,, CA 93309, Vereinigte Staaten</subfield>
         </datafield>
      </record>