
      <record>
         <leader>00000nz  a2200169   4500</leader>
         <controlfield tag="001">30000307</controlfield>
         <controlfield tag="003">RISM</controlfield>
         <controlfield tag="005">20160216</controlfield>
         <controlfield tag="008">160216n||az|||||||##########||||||||||||</controlfield>
         <datafield tag="040" ind1=" " ind2=" ">
            <subfield code="a">US-BApi</subfield>
         </datafield>
         <datafield tag="043" ind1=" " ind2=" ">
            <subfield code="c">XD-US</subfield>
         </datafield>
         <datafield tag="110" ind1="2" ind2=" ">
            <subfield code="a">Peabody Conservatory of Music, Peabody Institute of the Johns Hopkins University</subfield>
            <subfield code="c">Baltimore, MD</subfield>
            <subfield code="g">US-BApi</subfield>
         </datafield>
         <datafield tag="410" ind1="2" ind2=" ">
            <subfield code="a">Peabody Institute of the City of Baltimore Library</subfield>
         </datafield>
         <datafield tag="410" ind1="2" ind2=" ">
            <subfield code="a">City Library, Peabody Institute</subfield>
         </datafield>
         <datafield tag="410" ind1="2" ind2=" ">
            <subfield code="a">Peabody Institute Library</subfield>
         </datafield>
         <datafield tag="622" ind1=" " ind2=" ">
            <subfield code="e">Peabody Conservatory of Music, Peabody,  Institute of the Johns Hopkins,  University, 21 East Mount Vernon Place, Baltimore, MD 21202, USA</subfield>
         </datafield>
      </record>