
      <record>
         <leader>00000nz  a2200169   4500</leader>
         <controlfield tag="001">30004192</controlfield>
         <controlfield tag="003">RISM</controlfield>
         <controlfield tag="005">20160216</controlfield>
         <controlfield tag="008">160216n||az|||||||##########||||||||||||</controlfield>
         <datafield tag="040" ind1=" " ind2=" ">
            <subfield code="a">US-BAR</subfield>
         </datafield>
         <datafield tag="043" ind1=" " ind2=" ">
            <subfield code="c">XD-US</subfield>
         </datafield>
         <datafield tag="110" ind1="2" ind2=" ">
            <subfield code="a">Circus World Museum Library</subfield>
            <subfield code="c">Baraboo, WI</subfield>
            <subfield code="g">US-BAR</subfield>
         </datafield>
         <datafield tag="622" ind1=" " ind2=" ">
            <subfield code="e">Circus World Museum Library, 415 Lynn St., US-Baraboo, WI 53913, Vereinigte Staaten</subfield>
         </datafield>
      </record>