
      <record>
         <leader>00000nz  a2200169   4500</leader>
         <controlfield tag="001">30002209</controlfield>
         <controlfield tag="003">RISM</controlfield>
         <controlfield tag="005">20160216</controlfield>
         <controlfield tag="008">160216n||az|||||||##########||||||||||||</controlfield>
         <datafield tag="040" ind1=" " ind2=" ">
            <subfield code="a">US-BAT</subfield>
         </datafield>
         <datafield tag="043" ind1=" " ind2=" ">
            <subfield code="c">XD-US</subfield>
         </datafield>
         <datafield tag="110" ind1="2" ind2=" ">
            <subfield code="a">Louisiana State University Library</subfield>
            <subfield code="c">Baton Rouge, LA</subfield>
            <subfield code="g">US-BAT</subfield>
         </datafield>
         <datafield tag="410" ind1="2" ind2=" ">
            <subfield code="a">Louisiana State University Music Library</subfield>
         </datafield>
         <datafield tag="622" ind1=" " ind2=" ">
            <subfield code="e">Louisiana State University Library, School of Music, US-Baton Rouge, LA, 70803, Vereinigte Staaten</subfield>
         </datafield>
      </record>