
      <record>
         <leader>00000nz  a2200169   4500</leader>
         <controlfield tag="001">30002208</controlfield>
         <controlfield tag="003">RISM</controlfield>
         <controlfield tag="005">20160216</controlfield>
         <controlfield tag="008">160216n||az|||||||##########||||||||||||</controlfield>
         <datafield tag="040" ind1=" " ind2=" ">
            <subfield code="a">US-BAw</subfield>
         </datafield>
         <datafield tag="043" ind1=" " ind2=" ">
            <subfield code="c">XD-US</subfield>
         </datafield>
         <datafield tag="110" ind1="2" ind2=" ">
            <subfield code="a">Walters Art Gallery Library</subfield>
            <subfield code="c">Baltimore, MD</subfield>
            <subfield code="g">US-BAw</subfield>
         </datafield>
         <datafield tag="410" ind1="2" ind2=" ">
            <subfield code="a">Walters Art Gallery</subfield>
         </datafield>
         <datafield tag="622" ind1=" " ind2=" ">
            <subfield code="e">Walters Art Gallery Library, 600 N Charles St., US-Baltimore, MD, 21201, Vereinigte Staaten</subfield>
         </datafield>
      </record>