
      <record>
         <leader>00000nz  a2200169   4500</leader>
         <controlfield tag="001">30000313</controlfield>
         <controlfield tag="003">RISM</controlfield>
         <controlfield tag="005">20160216</controlfield>
         <controlfield tag="008">160216n||az|||||||##########||||||||||||</controlfield>
         <datafield tag="040" ind1=" " ind2=" ">
            <subfield code="a">US-Bc</subfield>
         </datafield>
         <datafield tag="043" ind1=" " ind2=" ">
            <subfield code="c">XD-US</subfield>
         </datafield>
         <datafield tag="110" ind1="2" ind2=" ">
            <subfield code="a">New England Conservatory of Music, Harriet M. Spaulding Library</subfield>
            <subfield code="c">Boston, MA</subfield>
            <subfield code="g">US-Bc</subfield>
         </datafield>
         <datafield tag="410" ind1="2" ind2=" ">
            <subfield code="a">Music Library of the New England Conservatory of Music</subfield>
         </datafield>
         <datafield tag="622" ind1=" " ind2=" ">
            <subfield code="e">New England Conservatory of Music,, Harriet M. Spaulding Library, 290 Huntington Avenue, Boston, MA 02115-5018, USA</subfield>
            <subfield code="u">http://necmusic.edu/libraries</subfield>
         </datafield>
      </record>