
      <record>
         <leader>00000nz  a2200169   4500</leader>
         <controlfield tag="001">30005710</controlfield>
         <controlfield tag="003">RISM</controlfield>
         <controlfield tag="005">20160216</controlfield>
         <controlfield tag="008">160216n||az|||||||##########||||||||||||</controlfield>
         <datafield tag="040" ind1=" " ind2=" ">
            <subfield code="a">US-BEb</subfield>
         </datafield>
         <datafield tag="043" ind1=" " ind2=" ">
            <subfield code="c">XD-US</subfield>
         </datafield>
         <datafield tag="110" ind1="2" ind2=" ">
            <subfield code="a">The Bancroft Library - University of California</subfield>
            <subfield code="c">Berkeley, CA</subfield>
            <subfield code="g">US-BEb</subfield>
         </datafield>
         <datafield tag="622" ind1=" " ind2=" ">
            <subfield code="e">The Bancroft Library - University of,  California, Berkeley, CA 94720-6000, USA</subfield>
            <subfield code="u">http://bancroft.berkeley.edu/</subfield>
         </datafield>
      </record>