
      <record>
         <leader>00000nz  a2200169   4500</leader>
         <controlfield tag="001">30004193</controlfield>
         <controlfield tag="003">RISM</controlfield>
         <controlfield tag="005">20160216</controlfield>
         <controlfield tag="008">160216n||az|||||||##########||||||||||||</controlfield>
         <datafield tag="040" ind1=" " ind2=" ">
            <subfield code="a">US-BEK</subfield>
         </datafield>
         <datafield tag="043" ind1=" " ind2=" ">
            <subfield code="c">XD-US</subfield>
         </datafield>
         <datafield tag="110" ind1="2" ind2=" ">
            <subfield code="a">Berea College, Hutchins Library</subfield>
            <subfield code="c">Berea, KY</subfield>
            <subfield code="g">US-BEK</subfield>
         </datafield>
         <datafield tag="622" ind1=" " ind2=" ">
            <subfield code="e">Berea College, Hutchins Library, US-Berea, KY 40404, Vereinigte Staaten</subfield>
         </datafield>
      </record>