
      <record>
         <leader>00000nz  a2200169   4500</leader>
         <controlfield tag="001">30004194</controlfield>
         <controlfield tag="003">RISM</controlfield>
         <controlfield tag="005">20160216</controlfield>
         <controlfield tag="008">160216n||az|||||||##########||||||||||||</controlfield>
         <datafield tag="040" ind1=" " ind2=" ">
            <subfield code="a">US-BERr</subfield>
         </datafield>
         <datafield tag="043" ind1=" " ind2=" ">
            <subfield code="c">XD-US</subfield>
         </datafield>
         <datafield tag="110" ind1="2" ind2=" ">
            <subfield code="a">Baldwin-Wallace College, Conservatory of Music, Ritter Library</subfield>
            <subfield code="c">Berea, OH</subfield>
            <subfield code="g">US-BERr</subfield>
         </datafield>
         <datafield tag="410" ind1="2" ind2=" ">
            <subfield code="a">Fern Patterson Jones Memorial Music Library</subfield>
         </datafield>
         <datafield tag="410" ind1="2" ind2=" ">
            <subfield code="a">Baldwin-Wallace College, Ritter Library of the Conservatory</subfield>
         </datafield>
         <datafield tag="410" ind1="2" ind2=" ">
            <subfield code="a">Ritter Library, Baldwin Wallace College</subfield>
         </datafield>
         <datafield tag="622" ind1=" " ind2=" ">
            <subfield code="e">Baldwin-Wallace College, Conservatory, of Music, Ritter Library, Baldwin-Wallace College, US-Berea, OH, 44017, Vereinigte Staaten</subfield>
         </datafield>
      </record>