
      <record>
         <leader>00000nz  a2200169   4500</leader>
         <controlfield tag="001">30002213</controlfield>
         <controlfield tag="003">RISM</controlfield>
         <controlfield tag="005">20160216</controlfield>
         <controlfield tag="008">160216n||az|||||||##########||||||||||||</controlfield>
         <datafield tag="040" ind1=" " ind2=" ">
            <subfield code="a">US-BES</subfield>
         </datafield>
         <datafield tag="043" ind1=" " ind2=" ">
            <subfield code="c">XD-US</subfield>
         </datafield>
         <datafield tag="110" ind1="2" ind2=" ">
            <subfield code="a">National Library of Medecine</subfield>
            <subfield code="c">Bethesda, MD</subfield>
            <subfield code="g">US-BES</subfield>
         </datafield>
         <datafield tag="622" ind1=" " ind2=" ">
            <subfield code="e">National Library of Medecine, 8600 Rockville Pike, US-Bethesda, MD, 20209, Vereinigte Staaten</subfield>
         </datafield>
      </record>