
      <record>
         <leader>00000nz  a2200169   4500</leader>
         <controlfield tag="001">30002211</controlfield>
         <controlfield tag="003">RISM</controlfield>
         <controlfield tag="005">20160216</controlfield>
         <controlfield tag="008">160216n||az|||||||##########||||||||||||</controlfield>
         <datafield tag="040" ind1=" " ind2=" ">
            <subfield code="a">US-BEt</subfield>
         </datafield>
         <datafield tag="043" ind1=" " ind2=" ">
            <subfield code="c">XD-US</subfield>
         </datafield>
         <datafield tag="110" ind1="2" ind2=" ">
            <subfield code="a">Graduate Theological Union Library</subfield>
            <subfield code="c">Berkeley, CA</subfield>
            <subfield code="g">US-BEt</subfield>
         </datafield>
         <datafield tag="622" ind1=" " ind2=" ">
            <subfield code="e">Graduate Theological Union Library, 2400 Ridge Rd., Berkeley, CA 94709-1212, USA</subfield>
            <subfield code="u">http://www.gtu.edu/library</subfield>
         </datafield>
      </record>