
      <record>
         <leader>00000nz  a2200169   4500</leader>
         <controlfield tag="001">30000318</controlfield>
         <controlfield tag="003">RISM</controlfield>
         <controlfield tag="005">20160216</controlfield>
         <controlfield tag="008">160216n||az|||||||##########||||||||||||</controlfield>
         <datafield tag="040" ind1=" " ind2=" ">
            <subfield code="a">US-BETbc</subfield>
         </datafield>
         <datafield tag="043" ind1=" " ind2=" ">
            <subfield code="c">XD-US</subfield>
         </datafield>
         <datafield tag="110" ind1="2" ind2=" ">
            <subfield code="a">Bach Choir</subfield>
            <subfield code="c">Bethlehem, PA</subfield>
            <subfield code="g">US-BETbc</subfield>
         </datafield>
         <datafield tag="622" ind1=" " ind2=" ">
            <subfield code="e">Bach Choir, 423 Heckewelder Pl., Bethlehem, PA 18018, USA</subfield>
         </datafield>
      </record>