
      <record>
         <leader>00000nz  a2200169   4500</leader>
         <controlfield tag="001">30002214</controlfield>
         <controlfield tag="003">RISM</controlfield>
         <controlfield tag="005">20160216</controlfield>
         <controlfield tag="008">160216n||az|||||||##########||||||||||||</controlfield>
         <datafield tag="040" ind1=" " ind2=" ">
            <subfield code="a">US-BETm</subfield>
         </datafield>
         <datafield tag="043" ind1=" " ind2=" ">
            <subfield code="c">XD-US</subfield>
         </datafield>
         <datafield tag="110" ind1="2" ind2=" ">
            <subfield code="a">Moravian Music Foundation</subfield>
            <subfield code="c">Bethlehem, PA</subfield>
            <subfield code="g">US-BETm</subfield>
         </datafield>
         <datafield tag="410" ind1="2" ind2=" ">
            <subfield code="a">The Moravian archives</subfield>
         </datafield>
         <datafield tag="622" ind1=" " ind2=" ">
            <subfield code="e">Moravian Music Foundation, 41 West Locust Street, Bethlehem, PA 18018, USA</subfield>
            <subfield code="u">http://www.moravianchurcharchives.org/</subfield>
         </datafield>
      </record>