
      <record>
         <leader>00000nz  a2200169   4500</leader>
         <controlfield tag="001">30002215</controlfield>
         <controlfield tag="003">RISM</controlfield>
         <controlfield tag="005">20160216</controlfield>
         <controlfield tag="008">160216n||az|||||||##########||||||||||||</controlfield>
         <datafield tag="040" ind1=" " ind2=" ">
            <subfield code="a">US-BETu</subfield>
         </datafield>
         <datafield tag="043" ind1=" " ind2=" ">
            <subfield code="c">XD-US</subfield>
         </datafield>
         <datafield tag="110" ind1="2" ind2=" ">
            <subfield code="a">Lehigh University, Lucy Packer Linderman Memorial Library</subfield>
            <subfield code="c">Bethlehem, PA</subfield>
            <subfield code="g">US-BETu</subfield>
         </datafield>
         <datafield tag="410" ind1="2" ind2=" ">
            <subfield code="a">Lehigh University</subfield>
         </datafield>
         <datafield tag="622" ind1=" " ind2=" ">
            <subfield code="e">Lehigh University, Lucy Packer, Linderman Memorial Library, US-Bethlehem, PA 18015, Vereinigte Staaten</subfield>
         </datafield>
      </record>