
      <record>
         <leader>00000nz  a2200169   4500</leader>
         <controlfield tag="001">30000314</controlfield>
         <controlfield tag="003">RISM</controlfield>
         <controlfield tag="005">20160216</controlfield>
         <controlfield tag="008">160216n||az|||||||##########||||||||||||</controlfield>
         <datafield tag="040" ind1=" " ind2=" ">
            <subfield code="a">US-Bfa</subfield>
         </datafield>
         <datafield tag="043" ind1=" " ind2=" ">
            <subfield code="c">XD-US</subfield>
         </datafield>
         <datafield tag="110" ind1="2" ind2=" ">
            <subfield code="a">Museum of Fine Arts</subfield>
            <subfield code="c">Boston, MA</subfield>
            <subfield code="g">US-Bfa</subfield>
         </datafield>
         <datafield tag="622" ind1=" " ind2=" ">
            <subfield code="e">Museum of Fine Arts, 465 Huntington Ave, Boston, MA 02115, USA</subfield>
            <subfield code="u">http://www.mfa.org</subfield>
         </datafield>
      </record>