
      <record>
         <leader>00000nz  a2200169   4500</leader>
         <controlfield tag="001">30002216</controlfield>
         <controlfield tag="003">RISM</controlfield>
         <controlfield tag="005">20160216</controlfield>
         <controlfield tag="008">160216n||az|||||||##########||||||||||||</controlfield>
         <datafield tag="040" ind1=" " ind2=" ">
            <subfield code="a">US-BG</subfield>
         </datafield>
         <datafield tag="043" ind1=" " ind2=" ">
            <subfield code="c">XD-US</subfield>
         </datafield>
         <datafield tag="110" ind1="2" ind2=" ">
            <subfield code="a">Bangor Public Library</subfield>
            <subfield code="c">Bangor, ME</subfield>
            <subfield code="g">US-BG</subfield>
         </datafield>
         <datafield tag="410" ind1="2" ind2=" ">
            <subfield code="a">Public Library</subfield>
         </datafield>
         <datafield tag="622" ind1=" " ind2=" ">
            <subfield code="e">Bangor Public Library, 145 Harlow St., US-Bangor, Maine 04401, Vereinigte Staaten</subfield>
         </datafield>
      </record>