
      <record>
         <leader>00000nz  a2200169   4500</leader>
         <controlfield tag="001">30002194</controlfield>
         <controlfield tag="003">RISM</controlfield>
         <controlfield tag="005">20160216</controlfield>
         <controlfield tag="008">160216n||az|||||||##########||||||||||||</controlfield>
         <datafield tag="040" ind1=" " ind2=" ">
            <subfield code="a">US-Bge</subfield>
         </datafield>
         <datafield tag="043" ind1=" " ind2=" ">
            <subfield code="c">XD-US</subfield>
         </datafield>
         <datafield tag="110" ind1="2" ind2=" ">
            <subfield code="a">Boston University, School of Fine Arts, General Education Library</subfield>
            <subfield code="c">Boston, MA</subfield>
            <subfield code="g">US-Bge</subfield>
         </datafield>
         <datafield tag="410" ind1="2" ind2=" ">
            <subfield code="a">General Education - Fine and applied Arts Library</subfield>
         </datafield>
         <datafield tag="580" ind1=" " ind2=" ">
            <subfield code="x">US-Bu</subfield>
            <subfield code="0">30002200</subfield>
         </datafield>
      </record>