
      <record>
         <leader>00000nz  a2200169   4500</leader>
         <controlfield tag="001">30002217</controlfield>
         <controlfield tag="003">RISM</controlfield>
         <controlfield tag="005">20160216</controlfield>
         <controlfield tag="008">160216n||az|||||||##########||||||||||||</controlfield>
         <datafield tag="040" ind1=" " ind2=" ">
            <subfield code="a">US-BGt</subfield>
         </datafield>
         <datafield tag="043" ind1=" " ind2=" ">
            <subfield code="c">XD-US</subfield>
         </datafield>
         <datafield tag="110" ind1="2" ind2=" ">
            <subfield code="a">Bangor Theological Seminary</subfield>
            <subfield code="c">Bangor, ME</subfield>
            <subfield code="g">US-BGt</subfield>
         </datafield>
         <datafield tag="622" ind1=" " ind2=" ">
            <subfield code="e">Bangor Theological Seminary, US-Bangor, ME, Vereinigte Staaten</subfield>
         </datafield>
      </record>