
      <record>
         <leader>00000nz  a2200169   4500</leader>
         <controlfield tag="001">30000308</controlfield>
         <controlfield tag="003">RISM</controlfield>
         <controlfield tag="005">20160216</controlfield>
         <controlfield tag="008">160216n||az|||||||##########||||||||||||</controlfield>
         <datafield tag="040" ind1=" " ind2=" ">
            <subfield code="a">US-Bh</subfield>
         </datafield>
         <datafield tag="043" ind1=" " ind2=" ">
            <subfield code="c">XD-US</subfield>
         </datafield>
         <datafield tag="110" ind1="2" ind2=" ">
            <subfield code="a">Harvard Musical Association Library</subfield>
            <subfield code="c">Boston, MA</subfield>
            <subfield code="g">US-Bh</subfield>
         </datafield>
         <datafield tag="622" ind1=" " ind2=" ">
            <subfield code="e">Harvard Musical Association Library, 57 A Chestnut St, Boston, MA 02108, USA</subfield>
         </datafield>
      </record>