
      <record>
         <leader>00000nz  a2200169   4500</leader>
         <controlfield tag="001">30002196</controlfield>
         <controlfield tag="003">RISM</controlfield>
         <controlfield tag="005">20160216</controlfield>
         <controlfield tag="008">160216n||az|||||||##########||||||||||||</controlfield>
         <datafield tag="040" ind1=" " ind2=" ">
            <subfield code="a">US-Bhh</subfield>
         </datafield>
         <datafield tag="043" ind1=" " ind2=" ">
            <subfield code="c">XD-US</subfield>
         </datafield>
         <datafield tag="110" ind1="2" ind2=" ">
            <subfield code="a">Handel and Haydn Society</subfield>
            <subfield code="c">Boston, MA</subfield>
            <subfield code="g">US-Bhh</subfield>
         </datafield>
         <datafield tag="580" ind1=" " ind2=" ">
            <subfield code="x">US-Bpr</subfield>
            <subfield code="0">30003161</subfield>
         </datafield>
      </record>