
      <record>
         <leader>00000nz  a2200169   4500</leader>
         <controlfield tag="001">30002198</controlfield>
         <controlfield tag="003">RISM</controlfield>
         <controlfield tag="005">20160216</controlfield>
         <controlfield tag="008">160216n||az|||||||##########||||||||||||</controlfield>
         <datafield tag="040" ind1=" " ind2=" ">
            <subfield code="a">US-Bhs</subfield>
         </datafield>
         <datafield tag="043" ind1=" " ind2=" ">
            <subfield code="c">XD-US</subfield>
         </datafield>
         <datafield tag="110" ind1="2" ind2=" ">
            <subfield code="a">Massachusetts Historical Society Library</subfield>
            <subfield code="c">Boston, MA</subfield>
            <subfield code="g">US-Bhs</subfield>
         </datafield>
         <datafield tag="410" ind1="2" ind2=" ">
            <subfield code="a">Massachusetts Historical Society</subfield>
         </datafield>
         <datafield tag="622" ind1=" " ind2=" ">
            <subfield code="e">Massachusetts Historical Society Library, 1154 Boylston St., US-Boston, MA 02215, Vereinigte Staaten</subfield>
         </datafield>
      </record>