
      <record>
         <leader>00000nz  a2200169   4500</leader>
         <controlfield tag="001">30003162</controlfield>
         <controlfield tag="003">RISM</controlfield>
         <controlfield tag="005">20160216</controlfield>
         <controlfield tag="008">160216n||az|||||||##########||||||||||||</controlfield>
         <datafield tag="040" ind1=" " ind2=" ">
            <subfield code="a">US-BI</subfield>
         </datafield>
         <datafield tag="043" ind1=" " ind2=" ">
            <subfield code="c">XD-US</subfield>
         </datafield>
         <datafield tag="110" ind1="2" ind2=" ">
            <subfield code="a">State University of New York at Binghampton, William Mitchell Music Collection, Fine Arts Library</subfield>
            <subfield code="c">Binghamton, NY</subfield>
            <subfield code="g">US-BI</subfield>
         </datafield>
         <datafield tag="410" ind1="2" ind2=" ">
            <subfield code="a">Harpur College Library</subfield>
         </datafield>
         <datafield tag="622" ind1=" " ind2=" ">
            <subfield code="e">State University of New York at, Binghampton, William Mitchell Music, Collection, Fine Arts Library, US-Binghampton, NY 13901, Vereinigte Staaten</subfield>
         </datafield>
      </record>