
      <record>
         <leader>00000nz  a2200169   4500</leader>
         <controlfield tag="001">30002218</controlfield>
         <controlfield tag="003">RISM</controlfield>
         <controlfield tag="005">20160216</controlfield>
         <controlfield tag="008">160216n||az|||||||##########||||||||||||</controlfield>
         <datafield tag="040" ind1=" " ind2=" ">
            <subfield code="a">US-BK</subfield>
         </datafield>
         <datafield tag="043" ind1=" " ind2=" ">
            <subfield code="c">XD-US</subfield>
         </datafield>
         <datafield tag="110" ind1="2" ind2=" ">
            <subfield code="a">Bowdoin College, Department of Music</subfield>
            <subfield code="c">Brunswick, ME</subfield>
            <subfield code="g">US-BK</subfield>
         </datafield>
         <datafield tag="410" ind1="2" ind2=" ">
            <subfield code="a">Bowdoin College, Department of Music Library</subfield>
         </datafield>
         <datafield tag="410" ind1="2" ind2=" ">
            <subfield code="a">Bodwoin College Library</subfield>
         </datafield>
         <datafield tag="410" ind1="2" ind2=" ">
            <subfield code="a">Nathaniel Hawthorne - Henry Wadsworth Longfellow Library</subfield>
         </datafield>
         <datafield tag="622" ind1=" " ind2=" ">
            <subfield code="e">Bowdoin College, Department of Music, US-Brunswick, ME 04011, Vereinigte Staaten</subfield>
         </datafield>
      </record>