
      <record>
         <leader>00000nz  a2200169   4500</leader>
         <controlfield tag="001">30002199</controlfield>
         <controlfield tag="003">RISM</controlfield>
         <controlfield tag="005">20160216</controlfield>
         <controlfield tag="008">160216n||az|||||||##########||||||||||||</controlfield>
         <datafield tag="040" ind1=" " ind2=" ">
            <subfield code="a">US-Bl</subfield>
         </datafield>
         <datafield tag="043" ind1=" " ind2=" ">
            <subfield code="c">XD-US</subfield>
         </datafield>
         <datafield tag="110" ind1="2" ind2=" ">
            <subfield code="a">Grand Lodge of Masons in Massachusetts, A. F. &amp; A. M. Library &lt;Boston, MA&gt;</subfield>
            <subfield code="c">Boston, MA</subfield>
            <subfield code="g">US-Bl</subfield>
         </datafield>
         <datafield tag="410" ind1="2" ind2=" ">
            <subfield code="a">Grand Lodge of Massachusetts, Ancient Free &amp;  Accepted Masons Library</subfield>
         </datafield>
         <datafield tag="622" ind1=" " ind2=" ">
            <subfield code="e">Grand Lodge of Masons in Massachusetts,, A. F. &amp; A. M. Library, 186 Tremont St., US-Boston, MA 02111, Vereinigte Staaten</subfield>
            <subfield code="u">http://www.massfreemasonry.org</subfield>
         </datafield>
      </record>