
      <record>
         <leader>00000nz  a2200169   4500</leader>
         <controlfield tag="001">30004196</controlfield>
         <controlfield tag="003">RISM</controlfield>
         <controlfield tag="005">20160216</controlfield>
         <controlfield tag="008">160216n||az|||||||##########||||||||||||</controlfield>
         <datafield tag="040" ind1=" " ind2=" ">
            <subfield code="a">US-BLO</subfield>
         </datafield>
         <datafield tag="043" ind1=" " ind2=" ">
            <subfield code="c">XD-US</subfield>
         </datafield>
         <datafield tag="110" ind1="2" ind2=" ">
            <subfield code="a">St. Thomas Seminary Library</subfield>
            <subfield code="c">Bloomfield, CT</subfield>
            <subfield code="g">US-BLO</subfield>
         </datafield>
         <datafield tag="622" ind1=" " ind2=" ">
            <subfield code="e">St. Thomas Seminary Library, 467 Bloomfield Ave., US-Bloomfield, CT, 06002, Vereinigte Staaten</subfield>
         </datafield>
      </record>