
      <record>
         <leader>00000nz  a2200169   4500</leader>
         <controlfield tag="001">30002220</controlfield>
         <controlfield tag="003">RISM</controlfield>
         <controlfield tag="005">20160216</controlfield>
         <controlfield tag="008">160216n||az|||||||##########||||||||||||</controlfield>
         <datafield tag="040" ind1=" " ind2=" ">
            <subfield code="a">US-BLu</subfield>
         </datafield>
         <datafield tag="043" ind1=" " ind2=" ">
            <subfield code="c">XD-US</subfield>
         </datafield>
         <datafield tag="110" ind1="2" ind2=" ">
            <subfield code="a">Indiana University, William and Gayle Cook Music Library</subfield>
            <subfield code="c">Bloomington, IN</subfield>
            <subfield code="g">US-BLu</subfield>
         </datafield>
         <datafield tag="410" ind1="2" ind2=" ">
            <subfield code="a">Music Library University of Indiana</subfield>
         </datafield>
         <datafield tag="410" ind1="2" ind2=" ">
            <subfield code="a">Indiana University, School of Music Library</subfield>
         </datafield>
         <datafield tag="622" ind1=" " ind2=" ">
            <subfield code="e">Indiana University, William and Gayle, Cook Music Library, US-Bloomington, IN 47401, Vereinigte Staaten</subfield>
         </datafield>
      </record>