
      <record>
         <leader>00000nz  a2200169   4500</leader>
         <controlfield tag="001">30003164</controlfield>
         <controlfield tag="003">RISM</controlfield>
         <controlfield tag="005">20160216</controlfield>
         <controlfield tag="008">160216n||az|||||||##########||||||||||||</controlfield>
         <datafield tag="040" ind1=" " ind2=" ">
            <subfield code="a">US-BM</subfield>
         </datafield>
         <datafield tag="043" ind1=" " ind2=" ">
            <subfield code="c">XD-US</subfield>
         </datafield>
         <datafield tag="110" ind1="2" ind2=" ">
            <subfield code="a">Bryn Mawr College, Canaday Library &lt;Bryn Mawr, PA&gt;</subfield>
            <subfield code="c">Bryn Mawr, PA</subfield>
            <subfield code="g">US-BM</subfield>
         </datafield>
         <datafield tag="410" ind1="2" ind2=" ">
            <subfield code="a">M. Carey Thomas Library, Bryn Mawr College</subfield>
         </datafield>
         <datafield tag="410" ind1="2" ind2=" ">
            <subfield code="a">Bryn Mawr College, Canada Library</subfield>
         </datafield>
         <datafield tag="622" ind1=" " ind2=" ">
            <subfield code="e">Bryn Mawr College, Canaday Library, US-Bryn Mawr, PA 19010, Vereinigte Staaten</subfield>
         </datafield>
      </record>