
      <record>
         <leader>00000nz  a2200169   4500</leader>
         <controlfield tag="001">30004197</controlfield>
         <controlfield tag="003">RISM</controlfield>
         <controlfield tag="005">20160216</controlfield>
         <controlfield tag="008">160216n||az|||||||##########||||||||||||</controlfield>
         <datafield tag="040" ind1=" " ind2=" ">
            <subfield code="a">US-BN</subfield>
         </datafield>
         <datafield tag="043" ind1=" " ind2=" ">
            <subfield code="c">XD-US</subfield>
         </datafield>
         <datafield tag="110" ind1="2" ind2=" ">
            <subfield code="a">Appalachian State University, I. G. Greer Hall, Music Library &lt;Boone, NC&gt;</subfield>
            <subfield code="c">Boone, NC</subfield>
            <subfield code="g">US-BN</subfield>
         </datafield>
         <datafield tag="410" ind1="2" ind2=" ">
            <subfield code="a">Belk Library</subfield>
         </datafield>
         <datafield tag="622" ind1=" " ind2=" ">
            <subfield code="e">Appalachian State University, I. G., Greer Hall, Music Library, US-Boone, NC 28608, Vereinigte Staaten</subfield>
            <subfield code="u">http://www.appstate.edu/</subfield>
         </datafield>
      </record>