
      <record>
         <leader>00000nz  a2200169   4500</leader>
         <controlfield tag="001">30000324</controlfield>
         <controlfield tag="003">RISM</controlfield>
         <controlfield tag="005">20160216</controlfield>
         <controlfield tag="008">160216n||az|||||||##########||||||||||||</controlfield>
         <datafield tag="040" ind1=" " ind2=" ">
            <subfield code="a">US-BO</subfield>
         </datafield>
         <datafield tag="043" ind1=" " ind2=" ">
            <subfield code="c">XD-US</subfield>
         </datafield>
         <datafield tag="110" ind1="2" ind2=" ">
            <subfield code="a">University of Colorado at Boulder, Music Library</subfield>
            <subfield code="c">Boulder, CO</subfield>
            <subfield code="g">US-BO</subfield>
         </datafield>
         <datafield tag="410" ind1="2" ind2=" ">
            <subfield code="a">The University of Colorado Libraries</subfield>
         </datafield>
         <datafield tag="410" ind1="2" ind2=" ">
            <subfield code="a">University of Colorado Music Library</subfield>
         </datafield>
         <datafield tag="622" ind1=" " ind2=" ">
            <subfield code="e">University of Colorado at Boulder,, Music Library, US-Boulder, CO 80309, USA</subfield>
            <subfield code="u">http://www.colorado.edu/</subfield>
         </datafield>
      </record>