
      <record>
         <leader>00000nz  a2200169   4500</leader>
         <controlfield tag="001">30003161</controlfield>
         <controlfield tag="003">RISM</controlfield>
         <controlfield tag="005">20160216</controlfield>
         <controlfield tag="008">160216n||az|||||||##########||||||||||||</controlfield>
         <datafield tag="040" ind1=" " ind2=" ">
            <subfield code="a">US-Bpr</subfield>
         </datafield>
         <datafield tag="043" ind1=" " ind2=" ">
            <subfield code="c">XD-US</subfield>
         </datafield>
         <datafield tag="110" ind1="2" ind2=" ">
            <subfield code="a">The Boston Public Library, Music Department</subfield>
            <subfield code="c">Boston, MA</subfield>
            <subfield code="g">US-Bpr</subfield>
         </datafield>
         <datafield tag="622" ind1=" " ind2=" ">
            <subfield code="e">The Boston Public Library, Music, Department, 700 Boylston Street, Boston, MA 02116, USA</subfield>
            <subfield code="u">http://www.bpl.org/research/music/index.htm</subfield>
         </datafield>
      </record>