
      <record>
         <leader>00000nz  a2200169   4500</leader>
         <controlfield tag="001">30003165</controlfield>
         <controlfield tag="003">RISM</controlfield>
         <controlfield tag="005">20160216</controlfield>
         <controlfield tag="008">160216n||az|||||||##########||||||||||||</controlfield>
         <datafield tag="040" ind1=" " ind2=" ">
            <subfield code="a">US-BRA</subfield>
         </datafield>
         <datafield tag="043" ind1=" " ind2=" ">
            <subfield code="c">XD-US</subfield>
         </datafield>
         <datafield tag="110" ind1="2" ind2=" ">
            <subfield code="a">Academy of the New Church Library</subfield>
            <subfield code="c">Bryn Athyn, PA</subfield>
            <subfield code="g">US-BRA</subfield>
         </datafield>
         <datafield tag="622" ind1=" " ind2=" ">
            <subfield code="e">Academy of the New Church Library, 2815 Huntingdon Pike, US-Bryn Athyn, PA, 19009, Vereinigte Staaten</subfield>
         </datafield>
      </record>