
      <record>
         <leader>00000nz  a2200169   4500</leader>
         <controlfield tag="001">30004200</controlfield>
         <controlfield tag="003">RISM</controlfield>
         <controlfield tag="005">20160216</controlfield>
         <controlfield tag="008">160216n||az|||||||##########||||||||||||</controlfield>
         <datafield tag="040" ind1=" " ind2=" ">
            <subfield code="a">US-BRX</subfield>
         </datafield>
         <datafield tag="043" ind1=" " ind2=" ">
            <subfield code="c">XD-US</subfield>
         </datafield>
         <datafield tag="110" ind1="2" ind2=" ">
            <subfield code="a">Sarah Lawrence College, Music Library</subfield>
            <subfield code="c">Bronxville, NY</subfield>
            <subfield code="g">US-BRX</subfield>
         </datafield>
         <datafield tag="622" ind1=" " ind2=" ">
            <subfield code="e">Sarah Lawrence College, Music Library, US-Bronxville, NY 10708, Vereinigte Staaten</subfield>
         </datafield>
      </record>