
      <record>
         <leader>00000nz  a2200169   4500</leader>
         <controlfield tag="001">30002203</controlfield>
         <controlfield tag="003">RISM</controlfield>
         <controlfield tag="005">20160216</controlfield>
         <controlfield tag="008">160216n||az|||||||##########||||||||||||</controlfield>
         <datafield tag="040" ind1=" " ind2=" ">
            <subfield code="a">US-Bth</subfield>
         </datafield>
         <datafield tag="043" ind1=" " ind2=" ">
            <subfield code="c">XD-US</subfield>
         </datafield>
         <datafield tag="110" ind1="2" ind2=" ">
            <subfield code="a">Boston University, School of Theology Library</subfield>
            <subfield code="c">Boston, MA</subfield>
            <subfield code="g">US-Bth</subfield>
         </datafield>
         <datafield tag="410" ind1="2" ind2=" ">
            <subfield code="a">University, School of Theology</subfield>
         </datafield>
      </record>