
      <record>
         <leader>00000nz  a2200169   4500</leader>
         <controlfield tag="001">30002222</controlfield>
         <controlfield tag="003">RISM</controlfield>
         <controlfield tag="005">20160216</controlfield>
         <controlfield tag="008">160216n||az|||||||##########||||||||||||</controlfield>
         <datafield tag="040" ind1=" " ind2=" ">
            <subfield code="a">US-BU</subfield>
         </datafield>
         <datafield tag="043" ind1=" " ind2=" ">
            <subfield code="c">XD-US</subfield>
         </datafield>
         <datafield tag="110" ind1="2" ind2=" ">
            <subfield code="a">Buffalo and Erie Country Public Library</subfield>
            <subfield code="c">Buffalo, NY</subfield>
            <subfield code="g">US-BU</subfield>
         </datafield>
         <datafield tag="410" ind1="2" ind2=" ">
            <subfield code="a">Public Library (Grosvenor Reference Division, Buffalo and Erie County Public Library)</subfield>
         </datafield>
         <datafield tag="410" ind1="2" ind2=" ">
            <subfield code="a">Grosvenor Reference Division, Buffalo and Erie County Public Library</subfield>
         </datafield>
         <datafield tag="410" ind1="2" ind2=" ">
            <subfield code="a">Grosvenor Library</subfield>
         </datafield>
         <datafield tag="622" ind1=" " ind2=" ">
            <subfield code="e">Buffalo and Erie Country Public Library, Lafayette Sq., US-Buffalo, NY 14203, Vereinigte Staaten</subfield>
         </datafield>
      </record>