
      <record>
         <leader>00000nz  a2200169   4500</leader>
         <controlfield tag="001">30002227</controlfield>
         <controlfield tag="003">RISM</controlfield>
         <controlfield tag="005">20160216</controlfield>
         <controlfield tag="008">160216n||az|||||||##########||||||||||||</controlfield>
         <datafield tag="040" ind1=" " ind2=" ">
            <subfield code="a">US-CA</subfield>
         </datafield>
         <datafield tag="043" ind1=" " ind2=" ">
            <subfield code="c">XD-US</subfield>
         </datafield>
         <datafield tag="110" ind1="2" ind2=" ">
            <subfield code="a">Harvard University, Harvard College Library &lt;Cambridge, MA&gt;</subfield>
            <subfield code="c">Cambridge, MA</subfield>
            <subfield code="g">US-CA</subfield>
         </datafield>
         <datafield tag="410" ind1="2" ind2=" ">
            <subfield code="a">Harvard University, Music Library</subfield>
         </datafield>
         <datafield tag="410" ind1="2" ind2=" ">
            <subfield code="a">Harvard College Library</subfield>
         </datafield>
         <datafield tag="410" ind1="2" ind2=" ">
            <subfield code="a">Harvard University, Music Libraries</subfield>
         </datafield>
         <datafield tag="410" ind1="2" ind2=" ">
            <subfield code="a">Harvard University Library</subfield>
         </datafield>
         <datafield tag="622" ind1=" " ind2=" ">
            <subfield code="e">Harvard University, Harvard College, Library, US-Cambridge, MA, Vereinigte Staaten</subfield>
            <subfield code="u">http://lib.harvard.edu/</subfield>
         </datafield>
      </record>