
      <record>
         <leader>00000nz  a2200169   4500</leader>
         <controlfield tag="001">30003169</controlfield>
         <controlfield tag="003">RISM</controlfield>
         <controlfield tag="005">20160216</controlfield>
         <controlfield tag="008">160216n||az|||||||##########||||||||||||</controlfield>
         <datafield tag="040" ind1=" " ind2=" ">
            <subfield code="a">US-CAe</subfield>
         </datafield>
         <datafield tag="043" ind1=" " ind2=" ">
            <subfield code="c">XD-US</subfield>
         </datafield>
         <datafield tag="110" ind1="2" ind2=" ">
            <subfield code="a">Harvard University, Eda Kuhn Loeb Music Library</subfield>
            <subfield code="c">Cambridge, MA</subfield>
            <subfield code="g">US-CAe</subfield>
         </datafield>
         <datafield tag="622" ind1=" " ind2=" ">
            <subfield code="e">Harvard University, Eda Kuhn Loeb Music, Library, Music Building, North Yard, Harvard, University, Cambridge, MA 02138, USA</subfield>
            <subfield code="u">http://hcl.harvard.edu/libraries/loeb</subfield>
         </datafield>
      </record>