
      <record>
         <leader>00000nz  a2200169   4500</leader>
         <controlfield tag="001">30005657</controlfield>
         <controlfield tag="003">RISM</controlfield>
         <controlfield tag="005">20160216</controlfield>
         <controlfield tag="008">160216n||az|||||||##########||||||||||||</controlfield>
         <datafield tag="040" ind1=" " ind2=" ">
            <subfield code="a">US-CAM</subfield>
         </datafield>
         <datafield tag="043" ind1=" " ind2=" ">
            <subfield code="c">XD-US</subfield>
         </datafield>
         <datafield tag="110" ind1="2" ind2=" ">
            <subfield code="a">Laurence Doheny Memorial Library, St. John's Seminary &lt;Camarillo, CA&gt;</subfield>
            <subfield code="c">Camarillo, CA</subfield>
            <subfield code="g">US-CAM</subfield>
         </datafield>
         <datafield tag="410" ind1="2" ind2=" ">
            <subfield code="a">St. John's Seminary</subfield>
         </datafield>
         <datafield tag="622" ind1=" " ind2=" ">
            <subfield code="e">Laurence Doheny Memorial Library, St., John's Seminary, 5012 East Seminary Road, US-Camarillo, CA 93010, Vereinigte Staaten</subfield>
            <subfield code="u">http://www.library.stjohnsem.edu</subfield>
         </datafield>
      </record>