
      <record>
         <leader>00000nz  a2200169   4500</leader>
         <controlfield tag="001">30002230</controlfield>
         <controlfield tag="003">RISM</controlfield>
         <controlfield tag="005">20160216</controlfield>
         <controlfield tag="008">160216n||az|||||||##########||||||||||||</controlfield>
         <datafield tag="040" ind1=" " ind2=" ">
            <subfield code="a">US-CAmit</subfield>
         </datafield>
         <datafield tag="043" ind1=" " ind2=" ">
            <subfield code="c">XD-US</subfield>
         </datafield>
         <datafield tag="110" ind1="2" ind2=" ">
            <subfield code="a">Massachusetts Institute of Technology, Music Library</subfield>
            <subfield code="c">Cambridge, MA</subfield>
            <subfield code="g">US-CAmit</subfield>
         </datafield>
         <datafield tag="622" ind1=" " ind2=" ">
            <subfield code="e">Massachusetts Institute of Technology,, Music Library, 14E - 109, The Libraries, US-Cambridge,, MA 02139, Vereinigte Staaten</subfield>
         </datafield>
      </record>