
      <record>
         <leader>00000nz  a2200169   4500</leader>
         <controlfield tag="001">30002231</controlfield>
         <controlfield tag="003">RISM</controlfield>
         <controlfield tag="005">20160216</controlfield>
         <controlfield tag="008">160216n||az|||||||##########||||||||||||</controlfield>
         <datafield tag="040" ind1=" " ind2=" ">
            <subfield code="a">US-CAp</subfield>
         </datafield>
         <datafield tag="043" ind1=" " ind2=" ">
            <subfield code="c">XD-US</subfield>
         </datafield>
         <datafield tag="110" ind1="2" ind2=" ">
            <subfield code="a">Cambridge Public Library</subfield>
            <subfield code="c">Cambridge, MA</subfield>
            <subfield code="g">US-CAp</subfield>
         </datafield>
         <datafield tag="622" ind1=" " ind2=" ">
            <subfield code="e">Cambridge Public Library, US-Cambridge, MA, Vereinigte Staaten</subfield>
         </datafield>
      </record>