
      <record>
         <leader>00000nz  a2200169   4500</leader>
         <controlfield tag="001">30002235</controlfield>
         <controlfield tag="003">RISM</controlfield>
         <controlfield tag="005">20160216</controlfield>
         <controlfield tag="008">160216n||az|||||||##########||||||||||||</controlfield>
         <datafield tag="040" ind1=" " ind2=" ">
            <subfield code="a">US-CC</subfield>
         </datafield>
         <datafield tag="043" ind1=" " ind2=" ">
            <subfield code="c">XD-US</subfield>
         </datafield>
         <datafield tag="110" ind1="2" ind2=" ">
            <subfield code="a">Concord Antiquarian Society</subfield>
            <subfield code="c">Concord, MA</subfield>
            <subfield code="g">US-CC</subfield>
         </datafield>
         <datafield tag="622" ind1=" " ind2=" ">
            <subfield code="e">Concord Antiquarian Society, US-Concord, MA, Vereinigte Staaten</subfield>
         </datafield>
      </record>