
      <record>
         <leader>00000nz  a2200169   4500</leader>
         <controlfield tag="001">30002236</controlfield>
         <controlfield tag="003">RISM</controlfield>
         <controlfield tag="005">20160216</controlfield>
         <controlfield tag="008">160216n||az|||||||##########||||||||||||</controlfield>
         <datafield tag="040" ind1=" " ind2=" ">
            <subfield code="a">US-CDhs</subfield>
         </datafield>
         <datafield tag="043" ind1=" " ind2=" ">
            <subfield code="c">XD-US</subfield>
         </datafield>
         <datafield tag="110" ind1="2" ind2=" ">
            <subfield code="a">New Hampshire Historical Society Library</subfield>
            <subfield code="c">Concord, NH</subfield>
            <subfield code="g">US-CDhs</subfield>
         </datafield>
         <datafield tag="410" ind1="2" ind2=" ">
            <subfield code="a">New Hampshire Historical Society</subfield>
         </datafield>
         <datafield tag="622" ind1=" " ind2=" ">
            <subfield code="e">New Hampshire Historical Society Library, 30 Park St., US-Concord NH 03301, Vereinigte Staaten</subfield>
         </datafield>
      </record>