
      <record>
         <leader>00000nz  a2200169   4500</leader>
         <controlfield tag="001">30002237</controlfield>
         <controlfield tag="003">RISM</controlfield>
         <controlfield tag="005">20160216</controlfield>
         <controlfield tag="008">160216n||az|||||||##########||||||||||||</controlfield>
         <datafield tag="040" ind1=" " ind2=" ">
            <subfield code="a">US-CDs</subfield>
         </datafield>
         <datafield tag="043" ind1=" " ind2=" ">
            <subfield code="c">XD-US</subfield>
         </datafield>
         <datafield tag="110" ind1="2" ind2=" ">
            <subfield code="a">New Hampshire State Library</subfield>
            <subfield code="c">Concord, NH</subfield>
            <subfield code="g">US-CDs</subfield>
         </datafield>
         <datafield tag="622" ind1=" " ind2=" ">
            <subfield code="e">New Hampshire State Library, 20 Park St., US-Concord, NH 03301, Vereinigte Staaten</subfield>
         </datafield>
      </record>