
      <record>
         <leader>00000nz  a2200169   4500</leader>
         <controlfield tag="001">30002238</controlfield>
         <controlfield tag="003">RISM</controlfield>
         <controlfield tag="005">20160216</controlfield>
         <controlfield tag="008">160216n||az|||||||##########||||||||||||</controlfield>
         <datafield tag="040" ind1=" " ind2=" ">
            <subfield code="a">US-CG</subfield>
         </datafield>
         <datafield tag="043" ind1=" " ind2=" ">
            <subfield code="c">XD-US</subfield>
         </datafield>
         <datafield tag="110" ind1="2" ind2=" ">
            <subfield code="a">University of Miami, Music Library</subfield>
            <subfield code="c">Coral Gables, FL</subfield>
            <subfield code="g">US-CG</subfield>
         </datafield>
         <datafield tag="410" ind1="2" ind2=" ">
            <subfield code="a">School of Music Library, University of Miami</subfield>
         </datafield>
         <datafield tag="410" ind1="2" ind2=" ">
            <subfield code="a">University of Miami Library</subfield>
         </datafield>
         <datafield tag="622" ind1=" " ind2=" ">
            <subfield code="e">University of Miami, Music Library, P.O.Box 8165, US-Coral Gables, FL 33124, Vereinigte Staaten</subfield>
         </datafield>
      </record>