
      <record>
         <leader>00000nz  a2200169   4500</leader>
         <controlfield tag="001">30002241</controlfield>
         <controlfield tag="003">RISM</controlfield>
         <controlfield tag="005">20160216</controlfield>
         <controlfield tag="008">160216n||az|||||||##########||||||||||||</controlfield>
         <datafield tag="040" ind1=" " ind2=" ">
            <subfield code="a">US-CHA</subfield>
         </datafield>
         <datafield tag="043" ind1=" " ind2=" ">
            <subfield code="c">XD-US</subfield>
         </datafield>
         <datafield tag="110" ind1="2" ind2=" ">
            <subfield code="a">Charleston Museum</subfield>
            <subfield code="c">Charleston, SC</subfield>
            <subfield code="g">US-CHA</subfield>
         </datafield>
         <datafield tag="410" ind1="2" ind2=" ">
            <subfield code="a">Charleston Museum Library</subfield>
         </datafield>
         <datafield tag="622" ind1=" " ind2=" ">
            <subfield code="e">Charleston Museum, 121 Rutledge Ave., US-Charleston, SC, 29401, Vereinigte Staaten</subfield>
         </datafield>
      </record>