
      <record>
         <leader>00000nz  a2200169   4500</leader>
         <controlfield tag="001">30078027</controlfield>
         <controlfield tag="003">RISM</controlfield>
         <controlfield tag="005">20160216</controlfield>
         <controlfield tag="008">160216n||az|||||||##########||||||||||||</controlfield>
         <datafield tag="040" ind1=" " ind2=" ">
            <subfield code="a">US-CHAal</subfield>
         </datafield>
         <datafield tag="043" ind1=" " ind2=" ">
            <subfield code="c">US</subfield>
         </datafield>
         <datafield tag="110" ind1="2" ind2=" ">
            <subfield code="a">College of Charleston, Marlene and Nathan Addlestone Library</subfield>
            <subfield code="c">Charleston, SC</subfield>
            <subfield code="g">US-CHAal</subfield>
         </datafield>
         <datafield tag="622" ind1=" " ind2=" ">
            <subfield code="e">Marlene and Nathan Addlestone Library, 205 Calhoun Street, Charleston, SC 29401, USA</subfield>
            <subfield code="u">http://www.cofc.edu/library/</subfield>
         </datafield>
      </record>