
      <record>
         <leader>00000nz  a2200169   4500</leader>
         <controlfield tag="001">30002420</controlfield>
         <controlfield tag="003">RISM</controlfield>
         <controlfield tag="005">20160216</controlfield>
         <controlfield tag="008">160216n||az|||||||##########||||||||||||</controlfield>
         <datafield tag="040" ind1=" " ind2=" ">
            <subfield code="a">US-CHAhs</subfield>
         </datafield>
         <datafield tag="043" ind1=" " ind2=" ">
            <subfield code="c">XD-US</subfield>
         </datafield>
         <datafield tag="110" ind1="2" ind2=" ">
            <subfield code="a">The South Carolina Historical Society</subfield>
            <subfield code="c">Charleston, SC</subfield>
            <subfield code="g">US-CHAhs</subfield>
         </datafield>
         <datafield tag="622" ind1=" " ind2=" ">
            <subfield code="e">The South Carolina Historical Society, Fireproof Bldg., 100 Meeting St., US, -Charleston, SC 29401, Vereinigte Staaten</subfield>
         </datafield>
      </record>