
      <record>
         <leader>00000nz  a2200169   4500</leader>
         <controlfield tag="001">30002224</controlfield>
         <controlfield tag="003">RISM</controlfield>
         <controlfield tag="005">20160216</controlfield>
         <controlfield tag="008">160216n||az|||||||##########||||||||||||</controlfield>
         <datafield tag="040" ind1=" " ind2=" ">
            <subfield code="a">US-Charding</subfield>
         </datafield>
         <datafield tag="043" ind1=" " ind2=" ">
            <subfield code="c">XD-US</subfield>
         </datafield>
         <datafield tag="110" ind1="2" ind2=" ">
            <subfield code="a">N. H. Harding private collection</subfield>
            <subfield code="c">Chicago, IL</subfield>
            <subfield code="g">US-Charding</subfield>
         </datafield>
         <datafield tag="410" ind1="2" ind2=" ">
            <subfield code="a">W. N. H. Harding private collection</subfield>
         </datafield>
         <datafield tag="580" ind1=" " ind2=" ">
            <subfield code="x">GB-Ob</subfield>
            <subfield code="0">30001627</subfield>
         </datafield>
      </record>