
      <record>
         <leader>00000nz  a2200169   4500</leader>
         <controlfield tag="001">30002243</controlfield>
         <controlfield tag="003">RISM</controlfield>
         <controlfield tag="005">20160216</controlfield>
         <controlfield tag="008">160216n||az|||||||##########||||||||||||</controlfield>
         <datafield tag="040" ind1=" " ind2=" ">
            <subfield code="a">US-CHH</subfield>
         </datafield>
         <datafield tag="043" ind1=" " ind2=" ">
            <subfield code="c">XD-US</subfield>
         </datafield>
         <datafield tag="110" ind1="2" ind2=" ">
            <subfield code="a">University of North Carolina (UNC), Music Library</subfield>
            <subfield code="c">Chapel Hill, NC</subfield>
            <subfield code="g">US-CHH</subfield>
         </datafield>
         <datafield tag="622" ind1=" " ind2=" ">
            <subfield code="e">University of North Carolina (UNC),,  Music Library, Hill Hall, Chapel Hill, NC 27514-8890, USA</subfield>
            <subfield code="u">http://www.lib.unc.edu/music/</subfield>
         </datafield>
      </record>