
      <record>
         <leader>00000nz  a2200169   4500</leader>
         <controlfield tag="001">30002244</controlfield>
         <controlfield tag="003">RISM</controlfield>
         <controlfield tag="005">20160216</controlfield>
         <controlfield tag="008">160216n||az|||||||##########||||||||||||</controlfield>
         <datafield tag="040" ind1=" " ind2=" ">
            <subfield code="a">US-CHHhaar</subfield>
         </datafield>
         <datafield tag="043" ind1=" " ind2=" ">
            <subfield code="c">XD-US</subfield>
         </datafield>
         <datafield tag="110" ind1="2" ind2=" ">
            <subfield code="a">James Haar, private collection</subfield>
            <subfield code="c">Chapel Hill, NC</subfield>
            <subfield code="g">US-CHHhaar</subfield>
         </datafield>
         <datafield tag="622" ind1=" " ind2=" ">
            <subfield code="e">James Haar, private collection, Dept. of Music, University of North, Carolina at Chapel Hill, US-Chapel, Hill, NC 27514, Vereinigte Staaten</subfield>
         </datafield>
      </record>