
      <record>
         <leader>00000nz  a2200169   4500</leader>
         <controlfield tag="001">30080478</controlfield>
         <controlfield tag="003">RISM</controlfield>
         <controlfield tag="005">20160216</controlfield>
         <controlfield tag="008">160216n||az|||||||##########||||||||||||</controlfield>
         <datafield tag="040" ind1=" " ind2=" ">
            <subfield code="a">US-CHNbcbl</subfield>
         </datafield>
         <datafield tag="043" ind1=" " ind2=" ">
            <subfield code="c">XD-US</subfield>
         </datafield>
         <datafield tag="110" ind1="2" ind2=" ">
            <subfield code="a">Boston College University Libraries - Burns Library</subfield>
            <subfield code="c">Chestnut Hill, MA</subfield>
            <subfield code="g">US-CHNbcbl</subfield>
         </datafield>
         <datafield tag="622" ind1=" " ind2=" ">
            <subfield code="e">Boston College University Libraries -,  Burns Library, 140 Commonwealth Avenue, Chestnut Hill, MA 02467, USA</subfield>
            <subfield code="u">http://libguides.bc.edu/burns</subfield>
         </datafield>
      </record>