
      <record>
         <leader>00000nz  a2200169   4500</leader>
         <controlfield tag="001">30002225</controlfield>
         <controlfield tag="003">RISM</controlfield>
         <controlfield tag="005">20160216</controlfield>
         <controlfield tag="008">160216n||az|||||||##########||||||||||||</controlfield>
         <datafield tag="040" ind1=" " ind2=" ">
            <subfield code="a">US-Chs</subfield>
         </datafield>
         <datafield tag="043" ind1=" " ind2=" ">
            <subfield code="c">XD-US</subfield>
         </datafield>
         <datafield tag="110" ind1="2" ind2=" ">
            <subfield code="a">Chicago History Museum, Research Center</subfield>
            <subfield code="c">Chicago, IL</subfield>
            <subfield code="g">US-Chs</subfield>
         </datafield>
         <datafield tag="410" ind1="2" ind2=" ">
            <subfield code="a">The Chicago Historical Society Library</subfield>
         </datafield>
         <datafield tag="622" ind1=" " ind2=" ">
            <subfield code="e">Chicago History Museum, Research Center, 1601 N. Clark St., Chicago, IL 60614, USA</subfield>
            <subfield code="u">http://www.chicagohistory.org/</subfield>
         </datafield>
      </record>