
      <record>
         <leader>00000nz  a2200169   4500</leader>
         <controlfield tag="001">30003173</controlfield>
         <controlfield tag="003">RISM</controlfield>
         <controlfield tag="005">20160216</controlfield>
         <controlfield tag="008">160216n||az|||||||##########||||||||||||</controlfield>
         <datafield tag="040" ind1=" " ind2=" ">
            <subfield code="a">US-CHua</subfield>
         </datafield>
         <datafield tag="043" ind1=" " ind2=" ">
            <subfield code="c">XD-US</subfield>
         </datafield>
         <datafield tag="110" ind1="2" ind2=" ">
            <subfield code="a">University of Virginia, Alderman Library</subfield>
            <subfield code="c">Charlottesville, VA</subfield>
            <subfield code="g">US-CHua</subfield>
         </datafield>
         <datafield tag="410" ind1="2" ind2=" ">
            <subfield code="a">University of Virginia</subfield>
         </datafield>
         <datafield tag="410" ind1="2" ind2=" ">
            <subfield code="a">Alderman Library, University of Virginia</subfield>
         </datafield>
         <datafield tag="622" ind1=" " ind2=" ">
            <subfield code="e">University of Virginia, Alderman Library, US-Charlottesville, VA 22901, Vereinigte Staaten</subfield>
         </datafield>
      </record>