
      <record>
         <leader>00000nz  a2200169   4500</leader>
         <controlfield tag="001">30002240</controlfield>
         <controlfield tag="003">RISM</controlfield>
         <controlfield tag="005">20160216</controlfield>
         <controlfield tag="008">160216n||az|||||||##########||||||||||||</controlfield>
         <datafield tag="040" ind1=" " ind2=" ">
            <subfield code="a">US-CHum</subfield>
         </datafield>
         <datafield tag="043" ind1=" " ind2=" ">
            <subfield code="c">XD-US</subfield>
         </datafield>
         <datafield tag="110" ind1="2" ind2=" ">
            <subfield code="a">University of Virginia, Music Library</subfield>
            <subfield code="c">Charlottesville, VA</subfield>
            <subfield code="g">US-CHum</subfield>
         </datafield>
         <datafield tag="410" ind1="2" ind2=" ">
            <subfield code="a">University of Virginia</subfield>
         </datafield>
         <datafield tag="622" ind1=" " ind2=" ">
            <subfield code="e">University of Virginia, Music Library, Old Cabell Hall, US-Charlottesville, VA, 22903, Vereinigte Staaten</subfield>
         </datafield>
      </record>