
      <record>
         <leader>00000nz  a2200169   4500</leader>
         <controlfield tag="001">30002247</controlfield>
         <controlfield tag="003">RISM</controlfield>
         <controlfield tag="005">20160216</controlfield>
         <controlfield tag="008">160216n||az|||||||##########||||||||||||</controlfield>
         <datafield tag="040" ind1=" " ind2=" ">
            <subfield code="a">US-CIx</subfield>
         </datafield>
         <datafield tag="043" ind1=" " ind2=" ">
            <subfield code="c">XD-US</subfield>
         </datafield>
         <datafield tag="110" ind1="2" ind2=" ">
            <subfield code="a">Xavier University</subfield>
            <subfield code="c">Cincinnati, OH</subfield>
            <subfield code="g">US-CIx</subfield>
         </datafield>
         <datafield tag="410" ind1="2" ind2=" ">
            <subfield code="a">Xavier University, McDonald Memorial Library</subfield>
         </datafield>
         <datafield tag="622" ind1=" " ind2=" ">
            <subfield code="e">Xavier University, Victory Pkwy. &amp; Dana Ave., US, -Cincinnati, OH 45207, Vereinigte Staaten</subfield>
         </datafield>
      </record>