
      <record>
         <leader>00000nz  a2200169   4500</leader>
         <controlfield tag="001">30002226</controlfield>
         <controlfield tag="003">RISM</controlfield>
         <controlfield tag="005">20160216</controlfield>
         <controlfield tag="008">160216n||az|||||||##########||||||||||||</controlfield>
         <datafield tag="040" ind1=" " ind2=" ">
            <subfield code="a">US-Cjc</subfield>
         </datafield>
         <datafield tag="043" ind1=" " ind2=" ">
            <subfield code="c">XD-US</subfield>
         </datafield>
         <datafield tag="110" ind1="2" ind2=" ">
            <subfield code="a">John Crerar Library</subfield>
            <subfield code="c">Chicago, IL</subfield>
            <subfield code="g">US-Cjc</subfield>
         </datafield>
         <datafield tag="622" ind1=" " ind2=" ">
            <subfield code="e">John Crerar Library, 35 W 33rd St., US-Chicago, IL 60616, Vereinigte Staaten</subfield>
         </datafield>
      </record>