
      <record>
         <leader>00000nz  a2200169   4500</leader>
         <controlfield tag="001">30004206</controlfield>
         <controlfield tag="003">RISM</controlfield>
         <controlfield tag="005">20160216</controlfield>
         <controlfield tag="008">160216n||az|||||||##########||||||||||||</controlfield>
         <datafield tag="040" ind1=" " ind2=" ">
            <subfield code="a">US-CLAb</subfield>
         </datafield>
         <datafield tag="043" ind1=" " ind2=" ">
            <subfield code="c">XD-US</subfield>
         </datafield>
         <datafield tag="110" ind1="2" ind2=" ">
            <subfield code="a">Francis Bacon Foundation Library</subfield>
            <subfield code="c">Claremont, CA</subfield>
            <subfield code="g">US-CLAb</subfield>
         </datafield>
         <datafield tag="410" ind1="2" ind2=" ">
            <subfield code="a">Francis Bacon Library</subfield>
         </datafield>
         <datafield tag="622" ind1=" " ind2=" ">
            <subfield code="e">Francis Bacon Foundation Library, 655 N Dartmouth Ave., US-Claremont, CA, 91711, Vereinigte Staaten</subfield>
         </datafield>
      </record>