
      <record>
         <leader>00000nz  a2200169   4500</leader>
         <controlfield tag="001">30077446</controlfield>
         <controlfield tag="003">RISM</controlfield>
         <controlfield tag="005">20160216</controlfield>
         <controlfield tag="008">160216n||az|||||||##########||||||||||||</controlfield>
         <datafield tag="040" ind1=" " ind2=" ">
            <subfield code="a">US-CLAsc</subfield>
         </datafield>
         <datafield tag="043" ind1=" " ind2=" ">
            <subfield code="c">US</subfield>
         </datafield>
         <datafield tag="110" ind1="2" ind2=" ">
            <subfield code="a">Ella Strong Denison Library, Scripps College</subfield>
            <subfield code="c">Claremont, CA</subfield>
            <subfield code="g">US-CLAsc</subfield>
         </datafield>
         <datafield tag="622" ind1=" " ind2=" ">
            <subfield code="e">Ella Strong Denison Library, Scripps,  College, 1030 Columbia Avenue, Claremont, CA 91711, USA</subfield>
            <subfield code="u">http://www.scrippscollege.edu/offices/denison/</subfield>
         </datafield>
      </record>