
      <record>
         <leader>00000nz  a2200169   4500</leader>
         <controlfield tag="001">30003588</controlfield>
         <controlfield tag="003">RISM</controlfield>
         <controlfield tag="005">20160216</controlfield>
         <controlfield tag="008">160216n||az|||||||##########||||||||||||</controlfield>
         <datafield tag="040" ind1=" " ind2=" ">
            <subfield code="a">US-CLm</subfield>
         </datafield>
         <datafield tag="043" ind1=" " ind2=" ">
            <subfield code="c">XD-US</subfield>
         </datafield>
         <datafield tag="110" ind1="2" ind2=" ">
            <subfield code="a">Museum of Art, Ingalls Library</subfield>
            <subfield code="c">Cleveland, OH</subfield>
            <subfield code="g">US-CLm</subfield>
         </datafield>
         <datafield tag="410" ind1="2" ind2=" ">
            <subfield code="a">Cleveland Museum of Art, Library</subfield>
         </datafield>
         <datafield tag="410" ind1="2" ind2=" ">
            <subfield code="a">Museum of Art, Cantatorium</subfield>
         </datafield>
         <datafield tag="622" ind1=" " ind2=" ">
            <subfield code="e">Museum of Art, Ingalls Library, 11150 East Blvd., US-Cleveland, OH 44106, Vereinigte Staaten</subfield>
         </datafield>
      </record>