
      <record>
         <leader>00000nz  a2200169   4500</leader>
         <controlfield tag="001">30003157</controlfield>
         <controlfield tag="003">RISM</controlfield>
         <controlfield tag="005">20160216</controlfield>
         <controlfield tag="008">160216n||az|||||||##########||||||||||||</controlfield>
         <datafield tag="040" ind1=" " ind2=" ">
            <subfield code="a">US-Clowe</subfield>
         </datafield>
         <datafield tag="043" ind1=" " ind2=" ">
            <subfield code="c">XD-US</subfield>
         </datafield>
         <datafield tag="110" ind1="2" ind2=" ">
            <subfield code="a">Library Prof. Edward E. Lowinsky</subfield>
            <subfield code="c">Chicago, IL</subfield>
            <subfield code="g">US-Clowe</subfield>
         </datafield>
         <datafield tag="410" ind1="2" ind2=" ">
            <subfield code="a">Edward E. Lowinsky, private collection</subfield>
         </datafield>
         <datafield tag="580" ind1=" " ind2=" ">
            <subfield code="x">US-Cn</subfield>
            <subfield code="0">30000320</subfield>
         </datafield>
         <datafield tag="622" ind1=" " ind2=" ">
            <subfield code="e">Library Prof. Edward E. Lowinsky, 7440 S Constance St., Chicago, IL 60649, USA</subfield>
         </datafield>
      </record>