
      <record>
         <leader>00000nz  a2200169   4500</leader>
         <controlfield tag="001">30002250</controlfield>
         <controlfield tag="003">RISM</controlfield>
         <controlfield tag="005">20160216</controlfield>
         <controlfield tag="008">160216n||az|||||||##########||||||||||||</controlfield>
         <datafield tag="040" ind1=" " ind2=" ">
            <subfield code="a">US-CLp</subfield>
         </datafield>
         <datafield tag="043" ind1=" " ind2=" ">
            <subfield code="c">XD-US</subfield>
         </datafield>
         <datafield tag="110" ind1="2" ind2=" ">
            <subfield code="a">Cleveland Public Library, Fine Arts Department</subfield>
            <subfield code="c">Cleveland, OH</subfield>
            <subfield code="g">US-CLp</subfield>
         </datafield>
         <datafield tag="410" ind1="2" ind2=" ">
            <subfield code="a">Public Library, Fine Arts Department</subfield>
         </datafield>
         <datafield tag="410" ind1="2" ind2=" ">
            <subfield code="a">Cleveland Public Library</subfield>
         </datafield>
         <datafield tag="410" ind1="2" ind2=" ">
            <subfield code="a">Public Library</subfield>
         </datafield>
         <datafield tag="622" ind1=" " ind2=" ">
            <subfield code="e">Cleveland Public Library, Fine Arts, Department, 325 Superior Ave., US-Cleveland, OH, 44114, Vereinigte Staaten</subfield>
         </datafield>
      </record>