
      <record>
         <leader>00000nz  a2200169   4500</leader>
         <controlfield tag="001">30003166</controlfield>
         <controlfield tag="003">RISM</controlfield>
         <controlfield tag="005">20160216</controlfield>
         <controlfield tag="008">160216n||az|||||||##########||||||||||||</controlfield>
         <datafield tag="040" ind1=" " ind2=" ">
            <subfield code="a">US-Cms</subfield>
         </datafield>
         <datafield tag="043" ind1=" " ind2=" ">
            <subfield code="c">XD-US</subfield>
         </datafield>
         <datafield tag="110" ind1="2" ind2=" ">
            <subfield code="a">Northwestern University Medical School Library</subfield>
            <subfield code="c">Chicago, IL</subfield>
            <subfield code="g">US-Cms</subfield>
         </datafield>
         <datafield tag="410" ind1="2" ind2=" ">
            <subfield code="a">Archibald Church Medical Library</subfield>
         </datafield>
         <datafield tag="410" ind1="2" ind2=" ">
            <subfield code="a">Galter Health Sciences Library</subfield>
         </datafield>
         <datafield tag="410" ind1="2" ind2=" ">
            <subfield code="a">Feinberg School of Medicine</subfield>
         </datafield>
         <datafield tag="622" ind1=" " ind2=" ">
            <subfield code="e">Northwestern University Medical School,  Library, 303 E. Chicago Ave., Chicago, IL 60611, USA</subfield>
            <subfield code="u">http://www.galter.northwestern.edu/</subfield>
         </datafield>
      </record>