
      <record>
         <leader>00000nz  a2200169   4500</leader>
         <controlfield tag="001">30000320</controlfield>
         <controlfield tag="003">RISM</controlfield>
         <controlfield tag="005">20160216</controlfield>
         <controlfield tag="008">160216n||az|||||||##########||||||||||||</controlfield>
         <datafield tag="040" ind1=" " ind2=" ">
            <subfield code="a">US-Cn</subfield>
         </datafield>
         <datafield tag="043" ind1=" " ind2=" ">
            <subfield code="c">XD-US</subfield>
         </datafield>
         <datafield tag="110" ind1="2" ind2=" ">
            <subfield code="a">The Newberry Library</subfield>
            <subfield code="c">Chicago, IL</subfield>
            <subfield code="g">US-Cn</subfield>
         </datafield>
         <datafield tag="622" ind1=" " ind2=" ">
            <subfield code="e">Newberry Library, 60 W Walton St., Chicago, IL 60610, USA</subfield>
            <subfield code="u">http://www.newberry.org/</subfield>
         </datafield>
      </record>