
      <record>
         <leader>00000nz  a2200169   4500</leader>
         <controlfield tag="001">30002253</controlfield>
         <controlfield tag="003">RISM</controlfield>
         <controlfield tag="005">20160216</controlfield>
         <controlfield tag="008">160216n||az|||||||##########||||||||||||</controlfield>
         <datafield tag="040" ind1=" " ind2=" ">
            <subfield code="a">US-COhs</subfield>
         </datafield>
         <datafield tag="043" ind1=" " ind2=" ">
            <subfield code="c">XD-US</subfield>
         </datafield>
         <datafield tag="110" ind1="2" ind2=" ">
            <subfield code="a">Ohio Historical Society Library</subfield>
            <subfield code="c">Columbus, OH</subfield>
            <subfield code="g">US-COhs</subfield>
         </datafield>
         <datafield tag="410" ind1="2" ind2=" ">
            <subfield code="a">Ohio Historical Society Library &amp; Archives</subfield>
         </datafield>
         <datafield tag="410" ind1="2" ind2=" ">
            <subfield code="a">Ohio Historical Society</subfield>
         </datafield>
         <datafield tag="622" ind1=" " ind2=" ">
            <subfield code="e">Ohio Historical Society Library, Interstate 71 &amp; 17th Ave., US-Columbus,, OH 43211, Vereinigte Staaten</subfield>
         </datafield>
      </record>