
      <record>
         <leader>00000nz  a2200169   4500</leader>
         <controlfield tag="001">30002403</controlfield>
         <controlfield tag="003">RISM</controlfield>
         <controlfield tag="005">20160216</controlfield>
         <controlfield tag="008">160216n||az|||||||##########||||||||||||</controlfield>
         <datafield tag="040" ind1=" " ind2=" ">
            <subfield code="a">US-Coi</subfield>
         </datafield>
         <datafield tag="043" ind1=" " ind2=" ">
            <subfield code="c">XD-US</subfield>
         </datafield>
         <datafield tag="110" ind1="2" ind2=" ">
            <subfield code="a">University of Chicago, Oriental Institute Library</subfield>
            <subfield code="c">Chicago, IL</subfield>
            <subfield code="g">US-Coi</subfield>
         </datafield>
         <datafield tag="622" ind1=" " ind2=" ">
            <subfield code="e">University of Chicago, Oriental,  Institute Library, 1155 East 58th Street, Chicago, IL 60637, USA</subfield>
            <subfield code="u">http://oi.uchicago.edu/</subfield>
         </datafield>
      </record>