
      <record>
         <leader>00000nz  a2200169   4500</leader>
         <controlfield tag="001">30002255</controlfield>
         <controlfield tag="003">RISM</controlfield>
         <controlfield tag="005">20160216</controlfield>
         <controlfield tag="008">160216n||az|||||||##########||||||||||||</controlfield>
         <datafield tag="040" ind1=" " ind2=" ">
            <subfield code="a">US-COL</subfield>
         </datafield>
         <datafield tag="043" ind1=" " ind2=" ">
            <subfield code="c">XD-US</subfield>
         </datafield>
         <datafield tag="110" ind1="2" ind2=" ">
            <subfield code="a">University of Missouri, Elmer Ellis Library</subfield>
            <subfield code="c">Columbia, MO</subfield>
            <subfield code="g">US-COL</subfield>
         </datafield>
         <datafield tag="410" ind1="2" ind2=" ">
            <subfield code="a">University of Missouri-Columbia, Elmer Ellis Library, Art, Archaeology and Music Dept.</subfield>
         </datafield>
         <datafield tag="410" ind1="2" ind2=" ">
            <subfield code="a">University of Missouri Library</subfield>
         </datafield>
         <datafield tag="410" ind1="2" ind2=" ">
            <subfield code="a">University of Missouri</subfield>
         </datafield>
         <datafield tag="622" ind1=" " ind2=" ">
            <subfield code="e">University of Missouri, Elmer Ellis, Library, US-Columbia, MO 65201, Vereinigte Staaten</subfield>
         </datafield>
      </record>