
      <record>
         <leader>00000nz  a2200169   4500</leader>
         <controlfield tag="001">30004209</controlfield>
         <controlfield tag="003">RISM</controlfield>
         <controlfield tag="005">20160216</controlfield>
         <controlfield tag="008">160216n||az|||||||##########||||||||||||</controlfield>
         <datafield tag="040" ind1=" " ind2=" ">
            <subfield code="a">US-COLhs</subfield>
         </datafield>
         <datafield tag="043" ind1=" " ind2=" ">
            <subfield code="c">XD-US</subfield>
         </datafield>
         <datafield tag="110" ind1="2" ind2=" ">
            <subfield code="a">State Historical Society of Missouri, Elmer Ellis Library Building</subfield>
            <subfield code="c">Columbia, MO</subfield>
            <subfield code="g">US-COLhs</subfield>
         </datafield>
         <datafield tag="622" ind1=" " ind2=" ">
            <subfield code="e">State Historical Society of Missouri,, Elmer Ellis Library Building, University of Missouri-Columbia, US, -Columbia, MO 65201, Vereinigte Staaten</subfield>
         </datafield>
      </record>