
      <record>
         <leader>00000nz  a2200169   4500</leader>
         <controlfield tag="001">30080312</controlfield>
         <controlfield tag="003">RISM</controlfield>
         <controlfield tag="005">20160216</controlfield>
         <controlfield tag="008">160216n||az|||||||##########||||||||||||</controlfield>
         <datafield tag="040" ind1=" " ind2=" ">
            <subfield code="a">US-COtl</subfield>
         </datafield>
         <datafield tag="043" ind1=" " ind2=" ">
            <subfield code="c">XD-US</subfield>
         </datafield>
         <datafield tag="110" ind1="2" ind2=" ">
            <subfield code="a">Ohio State University, Thompson Library</subfield>
            <subfield code="c">Columbus, OH</subfield>
            <subfield code="g">US-COtl</subfield>
         </datafield>
         <datafield tag="622" ind1=" " ind2=" ">
            <subfield code="e">Ohio State University, Thompson Library, 1858 Neil Avenue Mall, Columbus, OH 43085, USA</subfield>
            <subfield code="u">http://library.osu.edu/about/locations/thompson-library/</subfield>
         </datafield>
      </record>