
      <record>
         <leader>00000nz  a2200169   4500</leader>
         <controlfield tag="001">30002254</controlfield>
         <controlfield tag="003">RISM</controlfield>
         <controlfield tag="005">20160216</controlfield>
         <controlfield tag="008">160216n||az|||||||##########||||||||||||</controlfield>
         <datafield tag="040" ind1=" " ind2=" ">
            <subfield code="a">US-COu</subfield>
         </datafield>
         <datafield tag="043" ind1=" " ind2=" ">
            <subfield code="c">XD-US</subfield>
         </datafield>
         <datafield tag="110" ind1="2" ind2=" ">
            <subfield code="a">Ohio State University, Music Library</subfield>
            <subfield code="c">Columbus, OH</subfield>
            <subfield code="g">US-COu</subfield>
         </datafield>
         <datafield tag="410" ind1="2" ind2=" ">
            <subfield code="a">Music Library, Ohio State University</subfield>
         </datafield>
         <datafield tag="622" ind1=" " ind2=" ">
            <subfield code="e">Ohio State University, Music Library, 186 Sullivant Hall, 1813 N High St., US, -Columbus, OH 43210, Vereinigte Staaten</subfield>
         </datafield>
      </record>