
      <record>
         <leader>00000nz  a2200169   4500</leader>
         <controlfield tag="001">30002256</controlfield>
         <controlfield tag="003">RISM</controlfield>
         <controlfield tag="005">20160216</controlfield>
         <controlfield tag="008">160216n||az|||||||##########||||||||||||</controlfield>
         <datafield tag="040" ind1=" " ind2=" ">
            <subfield code="a">US-CP</subfield>
         </datafield>
         <datafield tag="043" ind1=" " ind2=" ">
            <subfield code="c">XD-US</subfield>
         </datafield>
         <datafield tag="110" ind1="2" ind2=" ">
            <subfield code="a">University of Maryland, Theodore R. McKeldin Library &lt;College Park, MD&gt;</subfield>
            <subfield code="c">College Park, MD</subfield>
            <subfield code="g">US-CP</subfield>
         </datafield>
         <datafield tag="410" ind1="2" ind2=" ">
            <subfield code="a">University of Maryland at College Park, McKeldin Library, Music Library</subfield>
         </datafield>
         <datafield tag="622" ind1=" " ind2=" ">
            <subfield code="e">University of Maryland, Theodore R., McKeldin Library &lt;College Park, MD&gt;, US-College Park, MD 20742, USA</subfield>
            <subfield code="u">http://www.lib.umd.edu/MCK/</subfield>
         </datafield>
      </record>