
      <record>
         <leader>00000nz  a2200169   4500</leader>
         <controlfield tag="001">30004205</controlfield>
         <controlfield tag="003">RISM</controlfield>
         <controlfield tag="005">20160216</controlfield>
         <controlfield tag="008">160216n||az|||||||##########||||||||||||</controlfield>
         <datafield tag="040" ind1=" " ind2=" ">
            <subfield code="a">US-Cp</subfield>
         </datafield>
         <datafield tag="043" ind1=" " ind2=" ">
            <subfield code="c">XD-US</subfield>
         </datafield>
         <datafield tag="110" ind1="2" ind2=" ">
            <subfield code="a">Chicago Public Library, Harold Washington Library Center, Visual and Performing Arts Department</subfield>
            <subfield code="c">Chicago, IL</subfield>
            <subfield code="g">US-Cp</subfield>
         </datafield>
         <datafield tag="410" ind1="2" ind2=" ">
            <subfield code="a">Chicago Public Library, Fine Arts Division, Music Section</subfield>
         </datafield>
         <datafield tag="622" ind1=" " ind2=" ">
            <subfield code="e">Chicago Public Library,, Harold Washington Library Center,, Visual and Performing Arts Department, Music Information Center, 400 South State Street, Chicago, IL 60605, USA</subfield>
            <subfield code="u">http://www.chipublib.org/branch/details/library/harold-washington/p/Vpa/</subfield>
         </datafield>
      </record>