
      <record>
         <leader>00000nz  a2200169   4500</leader>
         <controlfield tag="001">30000499</controlfield>
         <controlfield tag="003">RISM</controlfield>
         <controlfield tag="005">20160216</controlfield>
         <controlfield tag="008">160216n||az|||||||##########||||||||||||</controlfield>
         <datafield tag="040" ind1=" " ind2=" ">
            <subfield code="a">US-CPpa</subfield>
         </datafield>
         <datafield tag="043" ind1=" " ind2=" ">
            <subfield code="c">XD-US</subfield>
         </datafield>
         <datafield tag="110" ind1="2" ind2=" ">
            <subfield code="a">University of Maryland, The Michelle Smith Performing Arts Library</subfield>
            <subfield code="c">College Park, MD</subfield>
            <subfield code="g">US-CPpa</subfield>
         </datafield>
         <datafield tag="622" ind1=" " ind2=" ">
            <subfield code="e">University of Maryland, The Michelle, Smith Performing Arts Library, 2511 Clarice Smith Performing Arts, Center, College Park, Maryland 20742, -1630, USA, Vereinigte Staaten</subfield>
         </datafield>
      </record>