
      <record>
         <leader>00000nz  a2200169   4500</leader>
         <controlfield tag="001">30002257</controlfield>
         <controlfield tag="003">RISM</controlfield>
         <controlfield tag="005">20160216</controlfield>
         <controlfield tag="008">160216n||az|||||||##########||||||||||||</controlfield>
         <datafield tag="040" ind1=" " ind2=" ">
            <subfield code="a">US-CR</subfield>
         </datafield>
         <datafield tag="043" ind1=" " ind2=" ">
            <subfield code="c">XD-US</subfield>
         </datafield>
         <datafield tag="110" ind1="2" ind2=" ">
            <subfield code="a">Iowa Masonic Library</subfield>
            <subfield code="c">Cedar Rapids, IA</subfield>
            <subfield code="g">US-CR</subfield>
         </datafield>
         <datafield tag="410" ind1="2" ind2=" ">
            <subfield code="a">Ancient Free &amp; Accepted Masons, Grand Lodge of Iowa Masonic Library</subfield>
         </datafield>
         <datafield tag="410" ind1="2" ind2=" ">
            <subfield code="a">Iowa Masonic Library, Grand Lodge of Iowa</subfield>
         </datafield>
         <datafield tag="622" ind1=" " ind2=" ">
            <subfield code="e">Iowa Masonic Library, 813 1st Ave. SE, Box 279, Cedar Rapids, IA 52406, Vereinigte Staaten</subfield>
         </datafield>
      </record>