
      <record>
         <leader>00000nz  a2200169   4500</leader>
         <controlfield tag="001">30078813</controlfield>
         <controlfield tag="003">RISM</controlfield>
         <controlfield tag="005">20160216</controlfield>
         <controlfield tag="008">160216n||az|||||||##########||||||||||||</controlfield>
         <datafield tag="040" ind1=" " ind2=" ">
            <subfield code="a">US-Cra</subfield>
         </datafield>
         <datafield tag="043" ind1=" " ind2=" ">
            <subfield code="c">US</subfield>
         </datafield>
         <datafield tag="110" ind1="2" ind2=" ">
            <subfield code="a">Rosenthal Archives of the Chicago Symphony Orchestra</subfield>
            <subfield code="c">Chicago, IL</subfield>
            <subfield code="g">US-Cra</subfield>
         </datafield>
         <datafield tag="622" ind1=" " ind2=" ">
            <subfield code="e">Rosenthal Archives of the Chicago,  Symphony Orchestra, 220 South Michigan Avenue, Chicago, IL 60604, USA</subfield>
            <subfield code="u">http://www.cso.org/archives</subfield>
         </datafield>
      </record>