
      <record>
         <leader>00000nz  a2200169   4500</leader>
         <controlfield tag="001">30002258</controlfield>
         <controlfield tag="003">RISM</controlfield>
         <controlfield tag="005">20160216</controlfield>
         <controlfield tag="008">160216n||az|||||||##########||||||||||||</controlfield>
         <datafield tag="040" ind1=" " ind2=" ">
            <subfield code="a">US-CS</subfield>
         </datafield>
         <datafield tag="043" ind1=" " ind2=" ">
            <subfield code="c">XD-US</subfield>
         </datafield>
         <datafield tag="110" ind1="2" ind2=" ">
            <subfield code="a">U. S. Air Force Academy</subfield>
            <subfield code="c">Colorado Springs, CO</subfield>
            <subfield code="g">US-CS</subfield>
         </datafield>
         <datafield tag="410" ind1="2" ind2=" ">
            <subfield code="a">United States Air Force Academy Library</subfield>
         </datafield>
         <datafield tag="622" ind1=" " ind2=" ">
            <subfield code="e">U. S. Air Force Academy, mail address: Academy Library, DFSLB,, US-United States Air Force Academy, CO, 80840, Vereinigte Staaten</subfield>
         </datafield>
      </record>