
      <record>
         <leader>00000nz  a2200169   4500</leader>
         <controlfield tag="001">30000295</controlfield>
         <controlfield tag="003">RISM</controlfield>
         <controlfield tag="005">20160216</controlfield>
         <controlfield tag="008">160216n||az|||||||##########||||||||||||</controlfield>
         <datafield tag="040" ind1=" " ind2=" ">
            <subfield code="a">US-Cu</subfield>
         </datafield>
         <datafield tag="043" ind1=" " ind2=" ">
            <subfield code="c">XD-US</subfield>
         </datafield>
         <datafield tag="110" ind1="2" ind2=" ">
            <subfield code="a">University of Chicago, Joseph Regenstein Library, Special Collections</subfield>
            <subfield code="c">Chicago, IL</subfield>
            <subfield code="g">US-Cu</subfield>
         </datafield>
         <datafield tag="410" ind1="2" ind2=" ">
            <subfield code="a">University of Chicago, Joseph Regenstein Library, Music Collection</subfield>
         </datafield>
         <datafield tag="410" ind1="2" ind2=" ">
            <subfield code="a">University of Chicago, Music Library</subfield>
         </datafield>
         <datafield tag="622" ind1=" " ind2=" ">
            <subfield code="e">University of Chicago, Joseph, Regenstein Library, Special Collections, 1100 East 57th St., Chicago, IL 60637, USA</subfield>
            <subfield code="u">http://www.lib.uchicago.edu/e/libraries.html</subfield>
         </datafield>
      </record>