
      <record>
         <leader>00000nz  a2200169   4500</leader>
         <controlfield tag="001">30003167</controlfield>
         <controlfield tag="003">RISM</controlfield>
         <controlfield tag="005">20160216</controlfield>
         <controlfield tag="008">160216n||az|||||||##########||||||||||||</controlfield>
         <datafield tag="040" ind1=" " ind2=" ">
            <subfield code="a">US-Cum</subfield>
         </datafield>
         <datafield tag="043" ind1=" " ind2=" ">
            <subfield code="c">XD-US</subfield>
         </datafield>
         <datafield tag="110" ind1="2" ind2=" ">
            <subfield code="a">University of Chicago, Music Collection</subfield>
            <subfield code="c">Chicago, IL</subfield>
            <subfield code="g">US-Cum</subfield>
         </datafield>
         <datafield tag="410" ind1="2" ind2=" ">
            <subfield code="a">Music Library, University of Chicago</subfield>
         </datafield>
         <datafield tag="622" ind1=" " ind2=" ">
            <subfield code="e">University of Chicago, Music Collection, 1100 East 57th Street, Chicago, IL 60637, USA</subfield>
            <subfield code="u">http://www.lib.uchicago.edu/e/index.html</subfield>
         </datafield>
      </record>