
      <record>
         <leader>00000nz  a2200169   4500</leader>
         <controlfield tag="001">30006591</controlfield>
         <controlfield tag="003">RISM</controlfield>
         <controlfield tag="005">20160216</controlfield>
         <controlfield tag="008">160216n||az|||||||##########||||||||||||</controlfield>
         <datafield tag="040" ind1=" " ind2=" ">
            <subfield code="a">US-CVa</subfield>
         </datafield>
         <datafield tag="043" ind1=" " ind2=" ">
            <subfield code="c">XD-US</subfield>
         </datafield>
         <datafield tag="110" ind1="2" ind2=" ">
            <subfield code="a">Saint John's University, Alcuin Library</subfield>
            <subfield code="c">Collegeville, MN</subfield>
            <subfield code="g">US-CVa</subfield>
         </datafield>
      </record>