
      <record>
         <leader>00000nz  a2200169   4500</leader>
         <controlfield tag="001">30004210</controlfield>
         <controlfield tag="003">RISM</controlfield>
         <controlfield tag="005">20160216</controlfield>
         <controlfield tag="008">160216n||az|||||||##########||||||||||||</controlfield>
         <datafield tag="040" ind1=" " ind2=" ">
            <subfield code="a">US-DAp</subfield>
         </datafield>
         <datafield tag="043" ind1=" " ind2=" ">
            <subfield code="c">XD-US</subfield>
         </datafield>
         <datafield tag="110" ind1="2" ind2=" ">
            <subfield code="a">Dallas Public Library, Fine Arts Division</subfield>
            <subfield code="c">Dallas, TX</subfield>
            <subfield code="g">US-DAp</subfield>
         </datafield>
         <datafield tag="622" ind1=" " ind2=" ">
            <subfield code="e">Dallas Public Library, Fine Arts, Division, 1954 Commerce St., US-Dallas, TX 75201, Vereinigte Staaten</subfield>
         </datafield>
      </record>