
      <record>
         <leader>00000nz  a2200169   4500</leader>
         <controlfield tag="001">30002260</controlfield>
         <controlfield tag="003">RISM</controlfield>
         <controlfield tag="005">20160216</controlfield>
         <controlfield tag="008">160216n||az|||||||##########||||||||||||</controlfield>
         <datafield tag="040" ind1=" " ind2=" ">
            <subfield code="a">US-DAu</subfield>
         </datafield>
         <datafield tag="043" ind1=" " ind2=" ">
            <subfield code="c">XD-US</subfield>
         </datafield>
         <datafield tag="110" ind1="2" ind2=" ">
            <subfield code="a">Southern Methodist University, Music Library</subfield>
            <subfield code="c">Dallas, TX</subfield>
            <subfield code="g">US-DAu</subfield>
         </datafield>
         <datafield tag="410" ind1="2" ind2=" ">
            <subfield code="a">Southern Methodist University, Owenn Fine Arts Center, Music Library</subfield>
         </datafield>
         <datafield tag="622" ind1=" " ind2=" ">
            <subfield code="e">Southern Methodist University, Music, Library, US-Dallas, TX 75275, Vereinigte Staaten</subfield>
         </datafield>
      </record>