
      <record>
         <leader>00000nz  a2200169   4500</leader>
         <controlfield tag="001">30080674</controlfield>
         <controlfield tag="003">RISM</controlfield>
         <controlfield tag="005">20160216</controlfield>
         <controlfield tag="008">160216n||az|||||||##########||||||||||||</controlfield>
         <datafield tag="040" ind1=" " ind2=" ">
            <subfield code="a">US-DAVowens</subfield>
         </datafield>
         <datafield tag="043" ind1=" " ind2=" ">
            <subfield code="c">XD-US</subfield>
         </datafield>
         <datafield tag="110" ind1="2" ind2=" ">
            <subfield code="a">Private Collection of Professor Jessie Ann Owens</subfield>
            <subfield code="c">Davis, CA</subfield>
            <subfield code="g">US-DAVowens</subfield>
         </datafield>
      </record>