
      <record>
         <leader>00000nz  a2200169   4500</leader>
         <controlfield tag="001">30004212</controlfield>
         <controlfield tag="003">RISM</controlfield>
         <controlfield tag="005">20160216</controlfield>
         <controlfield tag="008">160216n||az|||||||##########||||||||||||</controlfield>
         <datafield tag="040" ind1=" " ind2=" ">
            <subfield code="a">US-DAVu</subfield>
         </datafield>
         <datafield tag="043" ind1=" " ind2=" ">
            <subfield code="c">XD-US</subfield>
         </datafield>
         <datafield tag="110" ind1="2" ind2=" ">
            <subfield code="a">University of California at Davis, Peter J. Shields Library</subfield>
            <subfield code="c">Davis, CA</subfield>
            <subfield code="g">US-DAVu</subfield>
         </datafield>
         <datafield tag="410" ind1="2" ind2=" ">
            <subfield code="a">University of California at Davis, Music Dept. Library</subfield>
         </datafield>
         <datafield tag="622" ind1=" " ind2=" ">
            <subfield code="e">University of California at Davis,, Peter J. Shields Library, University of California, US-Davis, CA, 95616, Vereinigte Staaten</subfield>
         </datafield>
      </record>