
      <record>
         <leader>00000nz  a2200169   4500</leader>
         <controlfield tag="001">30002261</controlfield>
         <controlfield tag="003">RISM</controlfield>
         <controlfield tag="005">20160216</controlfield>
         <controlfield tag="008">160216n||az|||||||##########||||||||||||</controlfield>
         <datafield tag="040" ind1=" " ind2=" ">
            <subfield code="a">US-DB</subfield>
         </datafield>
         <datafield tag="043" ind1=" " ind2=" ">
            <subfield code="c">XD-US</subfield>
         </datafield>
         <datafield tag="110" ind1="2" ind2=" ">
            <subfield code="a">Henry Ford Museum and Greenfield Village</subfield>
            <subfield code="c">Dearborn, MI</subfield>
            <subfield code="g">US-DB</subfield>
         </datafield>
         <datafield tag="410" ind1="2" ind2=" ">
            <subfield code="a">Robert Hudson Tannahill Research Library</subfield>
         </datafield>
         <datafield tag="622" ind1=" " ind2=" ">
            <subfield code="e">Henry Ford Museum and Greenfield Village, US-Dearborn, MI 48121, Vereinigte Staaten</subfield>
         </datafield>
      </record>