
      <record>
         <leader>00000nz  a2200169   4500</leader>
         <controlfield tag="001">30002262</controlfield>
         <controlfield tag="003">RISM</controlfield>
         <controlfield tag="005">20160216</controlfield>
         <controlfield tag="008">160216n||az|||||||##########||||||||||||</controlfield>
         <datafield tag="040" ind1=" " ind2=" ">
            <subfield code="a">US-DE</subfield>
         </datafield>
         <datafield tag="043" ind1=" " ind2=" ">
            <subfield code="c">XD-US</subfield>
         </datafield>
         <datafield tag="110" ind1="2" ind2=" ">
            <subfield code="a">Denver Public Library, Art &amp; Music Division</subfield>
            <subfield code="c">Denver, CO</subfield>
            <subfield code="g">US-DE</subfield>
         </datafield>
         <datafield tag="410" ind1="2" ind2=" ">
            <subfield code="a">Denver Public Library, Art &amp; Recreation Division</subfield>
         </datafield>
         <datafield tag="410" ind1="2" ind2=" ">
            <subfield code="a">Public Library, Art and Music Division</subfield>
         </datafield>
         <datafield tag="410" ind1="2" ind2=" ">
            <subfield code="a">Denver Public Library</subfield>
         </datafield>
         <datafield tag="622" ind1=" " ind2=" ">
            <subfield code="e">Denver Public Library, Art &amp; Music, Division, 1357 Broadway, US-Denver, CO 80203, Vereinigte Staaten</subfield>
         </datafield>
      </record>