
      <record>
         <leader>00000nz  a2200169   4500</leader>
         <controlfield tag="001">30006422</controlfield>
         <controlfield tag="003">RISM</controlfield>
         <controlfield tag="005">20160216</controlfield>
         <controlfield tag="008">160216n||az|||||||##########||||||||||||</controlfield>
         <datafield tag="040" ind1=" " ind2=" ">
            <subfield code="a">US-DEE</subfield>
         </datafield>
         <datafield tag="043" ind1=" " ind2=" ">
            <subfield code="c">XD-US</subfield>
         </datafield>
         <datafield tag="110" ind1="2" ind2=" ">
            <subfield code="a">Museum of Pocumtuck Valley Memorial Association</subfield>
            <subfield code="c">Deerfield, MA</subfield>
            <subfield code="g">US-DEE</subfield>
         </datafield>
         <datafield tag="622" ind1=" " ind2=" ">
            <subfield code="e">Museum of Pocumtuck Valley Memorial, Association, 10 Memorial Street, Deerfield, MA 01342, USA</subfield>
            <subfield code="u">http://www.deerfield-ma.org/</subfield>
         </datafield>
      </record>