
      <record>
         <leader>00000nz  a2200169   4500</leader>
         <controlfield tag="001">30004215</controlfield>
         <controlfield tag="003">RISM</controlfield>
         <controlfield tag="005">20160216</controlfield>
         <controlfield tag="008">160216n||az|||||||##########||||||||||||</controlfield>
         <datafield tag="040" ind1=" " ind2=" ">
            <subfield code="a">US-DEhs</subfield>
         </datafield>
         <datafield tag="043" ind1=" " ind2=" ">
            <subfield code="c">XD-US</subfield>
         </datafield>
         <datafield tag="110" ind1="2" ind2=" ">
            <subfield code="a">State Historical Society of Colorado, Colorado State Museum, Colorado Heritage Center</subfield>
            <subfield code="c">Denver, CO</subfield>
            <subfield code="g">US-DEhs</subfield>
         </datafield>
         <datafield tag="622" ind1=" " ind2=" ">
            <subfield code="e">State Historical Society of Colorado,, Colorado State Museum, Colorado, Heritage Center, 1300 Broadway, US-Denver, CO 80203, Vereinigte Staaten</subfield>
         </datafield>
      </record>