
      <record>
         <leader>00000nz  a2200169   4500</leader>
         <controlfield tag="001">30004213</controlfield>
         <controlfield tag="003">RISM</controlfield>
         <controlfield tag="005">20160216</controlfield>
         <controlfield tag="008">160216n||az|||||||##########||||||||||||</controlfield>
         <datafield tag="040" ind1=" " ind2=" ">
            <subfield code="a">US-DK</subfield>
         </datafield>
         <datafield tag="043" ind1=" " ind2=" ">
            <subfield code="c">XD-US</subfield>
         </datafield>
         <datafield tag="110" ind1="2" ind2=" ">
            <subfield code="a">Northern Illinois University, Founders Memorial Library, Art/Music Cluster and Audio/Score Library</subfield>
            <subfield code="c">DeKalb, IL</subfield>
            <subfield code="g">US-DK</subfield>
         </datafield>
         <datafield tag="622" ind1=" " ind2=" ">
            <subfield code="e">Northern Illinois University, Founders, Memorial Library, Art/Music Cluster and, Audio/Score Library, US-DeKalb, IL 60115, Vereinigte Staaten</subfield>
         </datafield>
      </record>