
      <record>
         <leader>00000nz  a2200169   4500</leader>
         <controlfield tag="001">30002264</controlfield>
         <controlfield tag="003">RISM</controlfield>
         <controlfield tag="005">20160216</controlfield>
         <controlfield tag="008">160216n||az|||||||##########||||||||||||</controlfield>
         <datafield tag="040" ind1=" " ind2=" ">
            <subfield code="a">US-DMkirkendale</subfield>
         </datafield>
         <datafield tag="043" ind1=" " ind2=" ">
            <subfield code="c">XD-US</subfield>
         </datafield>
         <datafield tag="110" ind1="2" ind2=" ">
            <subfield code="a">Prof. Dr. Warren Kirkendale private collection</subfield>
            <subfield code="c">Durham, NC</subfield>
            <subfield code="g">US-DMkirkendale</subfield>
         </datafield>
         <datafield tag="622" ind1=" " ind2=" ">
            <subfield code="e">Prof. Dr. Warren Kirkendale private, collection, Dept. of Music, Duke University, 6695, College Station, US-Durham, NC 27708, Vereinigte Staaten</subfield>
         </datafield>
      </record>