
      <record>
         <leader>00000nz  a2200169   4500</leader>
         <controlfield tag="001">30002263</controlfield>
         <controlfield tag="003">RISM</controlfield>
         <controlfield tag="005">20160216</controlfield>
         <controlfield tag="008">160216n||az|||||||##########||||||||||||</controlfield>
         <datafield tag="040" ind1=" " ind2=" ">
            <subfield code="a">US-DMu</subfield>
         </datafield>
         <datafield tag="043" ind1=" " ind2=" ">
            <subfield code="c">XD-US</subfield>
         </datafield>
         <datafield tag="110" ind1="2" ind2=" ">
            <subfield code="a">Duke University Libraries, Music Library</subfield>
            <subfield code="c">Durham, NC</subfield>
            <subfield code="g">US-DMu</subfield>
         </datafield>
         <datafield tag="622" ind1=" " ind2=" ">
            <subfield code="e">Duke University Libraries, Music Library, 113 Mary Duke Biddle Music Building, P.O. Box 90661, Durham, NC 27708-0661, USA</subfield>
            <subfield code="u">http://library.duke.edu/music/</subfield>
         </datafield>
      </record>