
      <record>
         <leader>00000nz  a2200169   4500</leader>
         <controlfield tag="001">30079030</controlfield>
         <controlfield tag="003">RISM</controlfield>
         <controlfield tag="005">20160216</controlfield>
         <controlfield tag="008">160216n||az|||||||##########||||||||||||</controlfield>
         <datafield tag="040" ind1=" " ind2=" ">
            <subfield code="a">US-DMurl</subfield>
         </datafield>
         <datafield tag="043" ind1=" " ind2=" ">
            <subfield code="c">US</subfield>
         </datafield>
         <datafield tag="110" ind1="2" ind2=" ">
            <subfield code="a">Duke University Libraries, David M. Rubenstein Rare Book &amp; Manuscript Library</subfield>
            <subfield code="c">Durham, NC</subfield>
            <subfield code="g">US-DMurl</subfield>
         </datafield>
         <datafield tag="622" ind1=" " ind2=" ">
            <subfield code="e">Duke University Libraries, David M.,  Rubenstein Rare Book &amp; Manuscript,  Library, Perkins Library Bilduing, 3rd floor, Box 90185, Durham, NC 27708-0185, USA</subfield>
            <subfield code="u">http://library.duke.edu/rubenstein/index.html</subfield>
         </datafield>
      </record>