
      <record>
         <leader>00000nz  a2200169   4500</leader>
         <controlfield tag="001">30002265</controlfield>
         <controlfield tag="003">RISM</controlfield>
         <controlfield tag="005">20160216</controlfield>
         <controlfield tag="008">160216n||az|||||||##########||||||||||||</controlfield>
         <datafield tag="040" ind1=" " ind2=" ">
            <subfield code="a">US-DN</subfield>
         </datafield>
         <datafield tag="043" ind1=" " ind2=" ">
            <subfield code="c">XD-US</subfield>
         </datafield>
         <datafield tag="110" ind1="2" ind2=" ">
            <subfield code="a">North Texas State University, Music Library</subfield>
            <subfield code="c">Denton, TX</subfield>
            <subfield code="g">US-DN</subfield>
         </datafield>
         <datafield tag="410" ind1="2" ind2=" ">
            <subfield code="a">North Texas State College</subfield>
         </datafield>
         <datafield tag="622" ind1=" " ind2=" ">
            <subfield code="e">North Texas State University, Music, Library, US-Denton, TX 76203, Vereinigte Staaten</subfield>
         </datafield>
      </record>