
      <record>
         <leader>00000nz  a2200169   4500</leader>
         <controlfield tag="001">30002266</controlfield>
         <controlfield tag="003">RISM</controlfield>
         <controlfield tag="005">20160216</controlfield>
         <controlfield tag="008">160216n||az|||||||##########||||||||||||</controlfield>
         <datafield tag="040" ind1=" " ind2=" ">
            <subfield code="a">US-DO</subfield>
         </datafield>
         <datafield tag="043" ind1=" " ind2=" ">
            <subfield code="c">XD-US</subfield>
         </datafield>
         <datafield tag="110" ind1="2" ind2=" ">
            <subfield code="a">Dover Public Library</subfield>
            <subfield code="c">Dover, DE</subfield>
            <subfield code="g">US-DO</subfield>
         </datafield>
         <datafield tag="410" ind1="2" ind2=" ">
            <subfield code="a">Public Library</subfield>
         </datafield>
         <datafield tag="622" ind1=" " ind2=" ">
            <subfield code="e">Dover Public Library, 73 Locust St., US-Dover, NH 03820, Vereinigte Staaten</subfield>
         </datafield>
      </record>