
      <record>
         <leader>00000nz  a2200169   4500</leader>
         <controlfield tag="001">30004216</controlfield>
         <controlfield tag="003">RISM</controlfield>
         <controlfield tag="005">20160216</controlfield>
         <controlfield tag="008">160216n||az|||||||##########||||||||||||</controlfield>
         <datafield tag="040" ind1=" " ind2=" ">
            <subfield code="a">US-DOV</subfield>
         </datafield>
         <datafield tag="043" ind1=" " ind2=" ">
            <subfield code="c">XD-US</subfield>
         </datafield>
         <datafield tag="110" ind1="2" ind2=" ">
            <subfield code="a">Delaware State Museum, Eldridge Reeves Johnson Memorial Bldg., Bureau of Museums &amp; Historic Sites, Division of Historical and Cultural Affairs</subfield>
            <subfield code="c">Dover, DE</subfield>
            <subfield code="g">US-DOV</subfield>
         </datafield>
         <datafield tag="622" ind1=" " ind2=" ">
            <subfield code="e">Delaware State Museum, Eldridge Reeves, Johnson Memorial Bldg., Bureau of, Museums &amp; Historic Sites, Division of, Historical and Cultural Affairs, Hall of Records, 316 S Governors Ave.,, US-Dover, DE 19901, Vereinigte Staaten</subfield>
         </datafield>
      </record>