
      <record>
         <leader>00000nz  a2200169   4500</leader>
         <controlfield tag="001">30004217</controlfield>
         <controlfield tag="003">RISM</controlfield>
         <controlfield tag="005">20160216</controlfield>
         <controlfield tag="008">160216n||az|||||||##########||||||||||||</controlfield>
         <datafield tag="040" ind1=" " ind2=" ">
            <subfield code="a">US-DOY</subfield>
         </datafield>
         <datafield tag="043" ind1=" " ind2=" ">
            <subfield code="c">XD-US</subfield>
         </datafield>
         <datafield tag="110" ind1="2" ind2=" ">
            <subfield code="a">Bucks County Historical Society Library and Mercer Museum</subfield>
            <subfield code="c">Doylestown, PA</subfield>
            <subfield code="g">US-DOY</subfield>
         </datafield>
         <datafield tag="622" ind1=" " ind2=" ">
            <subfield code="e">Bucks County Historical Society Library, and Mercer Museum, Pine and Axhland Sts., US-Doylestown,, PA 18901, Vereinigte Staaten</subfield>
         </datafield>
      </record>