
      <record>
         <leader>00000nz  a2200169   4500</leader>
         <controlfield tag="001">30002259</controlfield>
         <controlfield tag="003">RISM</controlfield>
         <controlfield tag="005">20160216</controlfield>
         <controlfield tag="008">160216n||az|||||||##########||||||||||||</controlfield>
         <datafield tag="040" ind1=" " ind2=" ">
            <subfield code="a">US-Dp</subfield>
         </datafield>
         <datafield tag="043" ind1=" " ind2=" ">
            <subfield code="c">XD-US</subfield>
         </datafield>
         <datafield tag="110" ind1="2" ind2=" ">
            <subfield code="a">Detroit Public Library, Music and Performing Arts Department</subfield>
            <subfield code="c">Detroit, MI</subfield>
            <subfield code="g">US-Dp</subfield>
         </datafield>
         <datafield tag="410" ind1="2" ind2=" ">
            <subfield code="a">Music and Drama Department</subfield>
         </datafield>
         <datafield tag="622" ind1=" " ind2=" ">
            <subfield code="e">Detroit Public Library, Music and, Performing Arts Department, 5201 Woodward Ave., US-Detroit, MI 48202, Vereinigte Staaten</subfield>
         </datafield>
      </record>