
      <record>
         <leader>00000nz  a2200169   4500</leader>
         <controlfield tag="001">30003175</controlfield>
         <controlfield tag="003">RISM</controlfield>
         <controlfield tag="005">20160216</controlfield>
         <controlfield tag="008">160216n||az|||||||##########||||||||||||</controlfield>
         <datafield tag="040" ind1=" " ind2=" ">
            <subfield code="a">US-Dwu</subfield>
         </datafield>
         <datafield tag="043" ind1=" " ind2=" ">
            <subfield code="c">XD-US</subfield>
         </datafield>
         <datafield tag="110" ind1="2" ind2=" ">
            <subfield code="a">Wayne State University Library</subfield>
            <subfield code="c">Detroit, MI</subfield>
            <subfield code="g">US-Dwu</subfield>
         </datafield>
         <datafield tag="410" ind1="2" ind2=" ">
            <subfield code="a">Wayne State University, Purdy Library</subfield>
         </datafield>
         <datafield tag="622" ind1=" " ind2=" ">
            <subfield code="e">Wayne State University Library, 5210 Second St., US-Detroit, MI 48202, Vereinigte Staaten</subfield>
         </datafield>
      </record>