
      <record>
         <leader>00000nz  a2200169   4500</leader>
         <controlfield tag="001">30003176</controlfield>
         <controlfield tag="003">RISM</controlfield>
         <controlfield tag="005">20160216</controlfield>
         <controlfield tag="008">160216n||az|||||||##########||||||||||||</controlfield>
         <datafield tag="040" ind1=" " ind2=" ">
            <subfield code="a">US-E</subfield>
         </datafield>
         <datafield tag="043" ind1=" " ind2=" ">
            <subfield code="c">XD-US</subfield>
         </datafield>
         <datafield tag="110" ind1="2" ind2=" ">
            <subfield code="a">Garrett Biblical Institute</subfield>
            <subfield code="c">Evanston, IL</subfield>
            <subfield code="g">US-E</subfield>
         </datafield>
      </record>