
      <record>
         <leader>00000nz  a2200169   4500</leader>
         <controlfield tag="001">30004218</controlfield>
         <controlfield tag="003">RISM</controlfield>
         <controlfield tag="005">20160216</controlfield>
         <controlfield tag="008">160216n||az|||||||##########||||||||||||</controlfield>
         <datafield tag="040" ind1=" " ind2=" ">
            <subfield code="a">US-EA</subfield>
         </datafield>
         <datafield tag="043" ind1=" " ind2=" ">
            <subfield code="c">XD-US</subfield>
         </datafield>
         <datafield tag="110" ind1="2" ind2=" ">
            <subfield code="a">Lafayette College, David Bishop Skillman Library</subfield>
            <subfield code="c">Easton, PA</subfield>
            <subfield code="g">US-EA</subfield>
         </datafield>
         <datafield tag="622" ind1=" " ind2=" ">
            <subfield code="e">Lafayette College, David Bishop, Skillman Library, US-Easton, PA 18042, Vereinigte Staaten</subfield>
         </datafield>
      </record>