
      <record>
         <leader>00000nz  a2200169   4500</leader>
         <controlfield tag="001">30002271</controlfield>
         <controlfield tag="003">RISM</controlfield>
         <controlfield tag="005">20160216</controlfield>
         <controlfield tag="008">160216n||az|||||||##########||||||||||||</controlfield>
         <datafield tag="040" ind1=" " ind2=" ">
            <subfield code="a">US-EDu</subfield>
         </datafield>
         <datafield tag="043" ind1=" " ind2=" ">
            <subfield code="c">XD-US</subfield>
         </datafield>
         <datafield tag="110" ind1="2" ind2=" ">
            <subfield code="a">Southern Illinois University</subfield>
            <subfield code="c">Edwardsville, IL</subfield>
            <subfield code="g">US-EDu</subfield>
         </datafield>
         <datafield tag="410" ind1="2" ind2=" ">
            <subfield code="a">Southern Illinois University at Edwardsville, Lovejoy Library, Humanities/Fine Arts Divivsion</subfield>
         </datafield>
         <datafield tag="622" ind1=" " ind2=" ">
            <subfield code="e">Southern Illinois University, US-Edwardsville, IL 62026, Vereinigte Staaten</subfield>
         </datafield>
      </record>