
      <record>
         <leader>00000nz  a2200169   4500</leader>
         <controlfield tag="001">30002267</controlfield>
         <controlfield tag="003">RISM</controlfield>
         <controlfield tag="005">20160216</controlfield>
         <controlfield tag="008">160216n||az|||||||##########||||||||||||</controlfield>
         <datafield tag="040" ind1=" " ind2=" ">
            <subfield code="a">US-Eg</subfield>
         </datafield>
         <datafield tag="043" ind1=" " ind2=" ">
            <subfield code="c">XD-US</subfield>
         </datafield>
         <datafield tag="110" ind1="2" ind2=" ">
            <subfield code="a">The United Library</subfield>
            <subfield code="c">Evanston, IL</subfield>
            <subfield code="g">US-Eg</subfield>
         </datafield>
         <datafield tag="410" ind1="2" ind2=" ">
            <subfield code="a">Garrett Theological Seminary Library</subfield>
         </datafield>
         <datafield tag="410" ind1="2" ind2=" ">
            <subfield code="a">Garrett Biblical Institute</subfield>
         </datafield>
         <datafield tag="622" ind1=" " ind2=" ">
            <subfield code="e">Garrett Theological Seminary Library, 2121 Sheridan Rd., Evanston, IL 60201, USA</subfield>
            <subfield code="u">http://www.garrett.edu/library/</subfield>
         </datafield>
      </record>