
      <record>
         <leader>00000nz  a2200169   4500</leader>
         <controlfield tag="001">30000608</controlfield>
         <controlfield tag="003">RISM</controlfield>
         <controlfield tag="005">20160216</controlfield>
         <controlfield tag="008">160216n||az|||||||##########||||||||||||</controlfield>
         <datafield tag="040" ind1=" " ind2=" ">
            <subfield code="a">US-ELmsu</subfield>
         </datafield>
         <datafield tag="043" ind1=" " ind2=" ">
            <subfield code="c">XD-US</subfield>
         </datafield>
         <datafield tag="110" ind1="2" ind2=" ">
            <subfield code="a">Michigan State University Libraries</subfield>
            <subfield code="c">East Lansing, MI</subfield>
            <subfield code="g">US-ELmsu</subfield>
         </datafield>
         <datafield tag="622" ind1=" " ind2=" ">
            <subfield code="e">Michigan State University Libraries, East Lansing, Michigan 48824, Vereinigte Staaten</subfield>
         </datafield>
      </record>