
      <record>
         <leader>00000nz  a2200169   4500</leader>
         <controlfield tag="001">30002268</controlfield>
         <controlfield tag="003">RISM</controlfield>
         <controlfield tag="005">20160216</controlfield>
         <controlfield tag="008">160216n||az|||||||##########||||||||||||</controlfield>
         <datafield tag="040" ind1=" " ind2=" ">
            <subfield code="a">US-Eu</subfield>
         </datafield>
         <datafield tag="043" ind1=" " ind2=" ">
            <subfield code="c">XD-US</subfield>
         </datafield>
         <datafield tag="110" ind1="2" ind2=" ">
            <subfield code="a">Northwestern University, Music Library</subfield>
            <subfield code="c">Evanston, IL</subfield>
            <subfield code="g">US-Eu</subfield>
         </datafield>
         <datafield tag="622" ind1=" " ind2=" ">
            <subfield code="e">Northwestern University, Music Library, 1970 Campus Drive, Evanston, IL 60208-2300, USA</subfield>
            <subfield code="u">http://www.library.northwestern.edu/libraries-collections/evanston-campus/music-library</subfield>
         </datafield>
      </record>