
      <record>
         <leader>00000nz  a2200169   4500</leader>
         <controlfield tag="001">30002274</controlfield>
         <controlfield tag="003">RISM</controlfield>
         <controlfield tag="005">20160216</controlfield>
         <controlfield tag="008">160216n||az|||||||##########||||||||||||</controlfield>
         <datafield tag="040" ind1=" " ind2=" ">
            <subfield code="a">US-EXp</subfield>
         </datafield>
         <datafield tag="043" ind1=" " ind2=" ">
            <subfield code="c">XD-US</subfield>
         </datafield>
         <datafield tag="110" ind1="2" ind2=" ">
            <subfield code="a">Exeter Public Library</subfield>
            <subfield code="c">Exeter, NH</subfield>
            <subfield code="g">US-EXp</subfield>
         </datafield>
         <datafield tag="410" ind1="2" ind2=" ">
            <subfield code="a">Public Library</subfield>
         </datafield>
         <datafield tag="622" ind1=" " ind2=" ">
            <subfield code="e">Exeter Public Library, 86 Front St., US-Exeter, NH 03833, Vereinigte Staaten</subfield>
         </datafield>
      </record>