
      <record>
         <leader>00000nz  a2200169   4500</leader>
         <controlfield tag="001">30080105</controlfield>
         <controlfield tag="003">RISM</controlfield>
         <controlfield tag="005">20160216</controlfield>
         <controlfield tag="008">160216n||az|||||||##########||||||||||||</controlfield>
         <datafield tag="040" ind1=" " ind2=" ">
            <subfield code="a">US-FAI</subfield>
         </datafield>
         <datafield tag="043" ind1=" " ind2=" ">
            <subfield code="c">XD-US</subfield>
         </datafield>
         <datafield tag="110" ind1="2" ind2=" ">
            <subfield code="a">George Mason University Libraries - Special Collections &amp; Archives</subfield>
            <subfield code="c">Fairfax, VA</subfield>
            <subfield code="g">US-FAI</subfield>
         </datafield>
         <datafield tag="622" ind1=" " ind2=" ">
            <subfield code="e">George Mason University Libraries,,  Special Collections &amp; Archives, Fenwick Library MS 2FL, Fairfax, VA 22030, USA</subfield>
            <subfield code="u">http://sca.gmu.edu/</subfield>
         </datafield>
      </record>