
      <record>
         <leader>00000nz  a2200169   4500</leader>
         <controlfield tag="001">30002275</controlfield>
         <controlfield tag="003">RISM</controlfield>
         <controlfield tag="005">20160216</controlfield>
         <controlfield tag="008">160216n||az|||||||##########||||||||||||</controlfield>
         <datafield tag="040" ind1=" " ind2=" ">
            <subfield code="a">US-FAy</subfield>
         </datafield>
         <datafield tag="043" ind1=" " ind2=" ">
            <subfield code="c">XD-US</subfield>
         </datafield>
         <datafield tag="110" ind1="2" ind2=" ">
            <subfield code="a">Yale University, Lewis Walpole Library</subfield>
            <subfield code="c">Farmington, CT</subfield>
            <subfield code="g">US-FAy</subfield>
         </datafield>
         <datafield tag="410" ind1="2" ind2=" ">
            <subfield code="a">Wilmarth S. Lewis Library of Yale University</subfield>
         </datafield>
         <datafield tag="410" ind1="2" ind2=" ">
            <subfield code="a">Wilmarth S. Lewis private collection</subfield>
         </datafield>
         <datafield tag="622" ind1=" " ind2=" ">
            <subfield code="e">Yale University, Lewis Walpole Library, 154 Main Street, Farmington, CT 06032, USA</subfield>
            <subfield code="u">http://www.library.yale.edu/walpole/</subfield>
         </datafield>
      </record>