
      <record>
         <leader>00000nz  a2200169   4500</leader>
         <controlfield tag="001">30004220</controlfield>
         <controlfield tag="003">RISM</controlfield>
         <controlfield tag="005">20160216</controlfield>
         <controlfield tag="008">160216n||az|||||||##########||||||||||||</controlfield>
         <datafield tag="040" ind1=" " ind2=" ">
            <subfield code="a">US-FR</subfield>
         </datafield>
         <datafield tag="043" ind1=" " ind2=" ">
            <subfield code="c">XD-US</subfield>
         </datafield>
         <datafield tag="110" ind1="2" ind2=" ">
            <subfield code="a">Rutherford B. Hayes Library and Museum</subfield>
            <subfield code="c">Fremont, OH</subfield>
            <subfield code="g">US-FR</subfield>
         </datafield>
         <datafield tag="622" ind1=" " ind2=" ">
            <subfield code="e">Rutherford B. Hayes Library and Museum, 1337 Hayes Ave., US-Fremont, OH 43420, Vereinigte Staaten</subfield>
         </datafield>
      </record>