
      <record>
         <leader>00000nz  a2200169   4500</leader>
         <controlfield tag="001">30002277</controlfield>
         <controlfield tag="003">RISM</controlfield>
         <controlfield tag="005">20160216</controlfield>
         <controlfield tag="008">160216n||az|||||||##########||||||||||||</controlfield>
         <datafield tag="040" ind1=" " ind2=" ">
            <subfield code="a">US-FW</subfield>
         </datafield>
         <datafield tag="043" ind1=" " ind2=" ">
            <subfield code="c">XD-US</subfield>
         </datafield>
         <datafield tag="110" ind1="2" ind2=" ">
            <subfield code="a">Southwest Baptist Theological Seminary</subfield>
            <subfield code="c">Fort Worth, TX</subfield>
            <subfield code="g">US-FW</subfield>
         </datafield>
         <datafield tag="410" ind1="2" ind2=" ">
            <subfield code="a">Southwestern Baptist Theological Seminary, Music Library, School of Church Music</subfield>
         </datafield>
         <datafield tag="622" ind1=" " ind2=" ">
            <subfield code="e">Southwest Baptist Theological Seminary, P.O. Box 22, 000-D4, US-Fort Worth, TX, 76122, Vereinigte Staaten</subfield>
         </datafield>
      </record>