
      <record>
         <leader>00000nz  a2200169   4500</leader>
         <controlfield tag="001">30002279</controlfield>
         <controlfield tag="003">RISM</controlfield>
         <controlfield tag="005">20160216</controlfield>
         <controlfield tag="008">160216n||az|||||||##########||||||||||||</controlfield>
         <datafield tag="040" ind1=" " ind2=" ">
            <subfield code="a">US-G</subfield>
         </datafield>
         <datafield tag="043" ind1=" " ind2=" ">
            <subfield code="c">XD-US</subfield>
         </datafield>
         <datafield tag="110" ind1="2" ind2=" ">
            <subfield code="a">University of Florida Library, Music Library</subfield>
            <subfield code="c">Gainesville, FL</subfield>
            <subfield code="g">US-G</subfield>
         </datafield>
         <datafield tag="410" ind1="2" ind2=" ">
            <subfield code="a">University of Florida Library</subfield>
         </datafield>
         <datafield tag="410" ind1="2" ind2=" ">
            <subfield code="a">University of Florida Library, Rare Book Collection</subfield>
         </datafield>
         <datafield tag="622" ind1=" " ind2=" ">
            <subfield code="e">University of Florida Library, Music, Library, US-Gainesville, FL 32611, Vereinigte Staaten</subfield>
         </datafield>
      </record>