
      <record>
         <leader>00000nz  a2200169   4500</leader>
         <controlfield tag="001">30002282</controlfield>
         <controlfield tag="003">RISM</controlfield>
         <controlfield tag="005">20160216</controlfield>
         <controlfield tag="008">160216n||az|||||||##########||||||||||||</controlfield>
         <datafield tag="040" ind1=" " ind2=" ">
            <subfield code="a">US-GB</subfield>
         </datafield>
         <datafield tag="043" ind1=" " ind2=" ">
            <subfield code="c">XD-US</subfield>
         </datafield>
         <datafield tag="110" ind1="2" ind2=" ">
            <subfield code="a">Lutheran Theological Seminary</subfield>
            <subfield code="c">Gettysburg, PA</subfield>
            <subfield code="g">US-GB</subfield>
         </datafield>
         <datafield tag="410" ind1="2" ind2=" ">
            <subfield code="a">Lutheran Theological Seminary, Abdel R. Wentz Library</subfield>
         </datafield>
         <datafield tag="410" ind1="2" ind2=" ">
            <subfield code="a">Lutheran Theological Seminary Library</subfield>
         </datafield>
         <datafield tag="622" ind1=" " ind2=" ">
            <subfield code="e">Lutheran Theological Seminary, US-Gettysburg, PA 17325, Vereinigte Staaten</subfield>
         </datafield>
      </record>