
      <record>
         <leader>00000nz  a2200169   4500</leader>
         <controlfield tag="001">30002283</controlfield>
         <controlfield tag="003">RISM</controlfield>
         <controlfield tag="005">20160216</controlfield>
         <controlfield tag="008">160216n||az|||||||##########||||||||||||</controlfield>
         <datafield tag="040" ind1=" " ind2=" ">
            <subfield code="a">US-GLvauclain</subfield>
         </datafield>
         <datafield tag="043" ind1=" " ind2=" ">
            <subfield code="c">XD-US</subfield>
         </datafield>
         <datafield tag="110" ind1="2" ind2=" ">
            <subfield code="a">A. Constant Vauclain private collection</subfield>
            <subfield code="c">Gladwyne, PA</subfield>
            <subfield code="g">US-GLvauclain</subfield>
         </datafield>
         <datafield tag="622" ind1=" " ind2=" ">
            <subfield code="e">A. Constant Vauclain private collection, 20 Old Gulph Rd., US-Gladwyne, PA 19035, Vereinigte Staaten</subfield>
         </datafield>
      </record>