
      <record>
         <leader>00000nz  a2200169   4500</leader>
         <controlfield tag="001">30002284</controlfield>
         <controlfield tag="003">RISM</controlfield>
         <controlfield tag="005">20160216</controlfield>
         <controlfield tag="008">160216n||az|||||||##########||||||||||||</controlfield>
         <datafield tag="040" ind1=" " ind2=" ">
            <subfield code="a">US-GO</subfield>
         </datafield>
         <datafield tag="043" ind1=" " ind2=" ">
            <subfield code="c">XD-US</subfield>
         </datafield>
         <datafield tag="110" ind1="2" ind2=" ">
            <subfield code="a">Goshen College, Mennonite Historical Library and Good Library</subfield>
            <subfield code="c">Goshen, IN</subfield>
            <subfield code="g">US-GO</subfield>
         </datafield>
         <datafield tag="410" ind1="2" ind2=" ">
            <subfield code="a">Goshen College, Good Library</subfield>
         </datafield>
         <datafield tag="410" ind1="2" ind2=" ">
            <subfield code="a">Goshen College and associated Mennonite Biblical Seminaries, Mennonite Historical Library</subfield>
         </datafield>
         <datafield tag="410" ind1="2" ind2=" ">
            <subfield code="a">Archives of the Mennonite Church</subfield>
         </datafield>
         <datafield tag="622" ind1=" " ind2=" ">
            <subfield code="e">Goshen College, Mennonite Historical, Library and Good Library, US-Goshen, IN 46526, Vereinigte Staaten</subfield>
         </datafield>
      </record>