
      <record>
         <leader>00000nz  a2200169   4500</leader>
         <controlfield tag="001">30003178</controlfield>
         <controlfield tag="003">RISM</controlfield>
         <controlfield tag="005">20160216</controlfield>
         <controlfield tag="008">160216n||az|||||||##########||||||||||||</controlfield>
         <datafield tag="040" ind1=" " ind2=" ">
            <subfield code="a">US-GOL</subfield>
         </datafield>
         <datafield tag="043" ind1=" " ind2=" ">
            <subfield code="c">XD-US</subfield>
         </datafield>
         <datafield tag="110" ind1="2" ind2=" ">
            <subfield code="a">Institute for American Research</subfield>
            <subfield code="c">Goleta, CA</subfield>
            <subfield code="g">US-GOL</subfield>
         </datafield>
         <datafield tag="410" ind1="2" ind2=" ">
            <subfield code="a">University of California, Santa Barbara Library</subfield>
         </datafield>
         <datafield tag="410" ind1="2" ind2=" ">
            <subfield code="a">University of California Santa Barbara</subfield>
         </datafield>
         <datafield tag="622" ind1=" " ind2=" ">
            <subfield code="e">Institute for American Research, Goleta, CA, Vereinigte Staaten</subfield>
         </datafield>
      </record>