
      <record>
         <leader>00000nz  a2200169   4500</leader>
         <controlfield tag="001">30002285</controlfield>
         <controlfield tag="003">RISM</controlfield>
         <controlfield tag="005">20160216</controlfield>
         <controlfield tag="008">160216n||az|||||||##########||||||||||||</controlfield>
         <datafield tag="040" ind1=" " ind2=" ">
            <subfield code="a">US-GR</subfield>
         </datafield>
         <datafield tag="043" ind1=" " ind2=" ">
            <subfield code="c">XD-US</subfield>
         </datafield>
         <datafield tag="110" ind1="2" ind2=" ">
            <subfield code="a">Denison University Library</subfield>
            <subfield code="c">Granville, OH</subfield>
            <subfield code="g">US-GR</subfield>
         </datafield>
         <datafield tag="410" ind1="2" ind2=" ">
            <subfield code="a">William Howard Doane Library</subfield>
         </datafield>
         <datafield tag="622" ind1=" " ind2=" ">
            <subfield code="e">Denison University Library, US-Granville, OH 43023, Vereinigte Staaten</subfield>
         </datafield>
      </record>