
      <record>
         <leader>00000nz  a2200169   4500</leader>
         <controlfield tag="001">30004221</controlfield>
         <controlfield tag="003">RISM</controlfield>
         <controlfield tag="005">20160216</controlfield>
         <controlfield tag="008">160216n||az|||||||##########||||||||||||</controlfield>
         <datafield tag="040" ind1=" " ind2=" ">
            <subfield code="a">US-GRB</subfield>
         </datafield>
         <datafield tag="043" ind1=" " ind2=" ">
            <subfield code="c">XD-US</subfield>
         </datafield>
         <datafield tag="110" ind1="2" ind2=" ">
            <subfield code="a">University of North Carolina at Greensboro, Walter Clinton Jackson Library</subfield>
            <subfield code="c">Greensboro, NC</subfield>
            <subfield code="g">US-GRB</subfield>
         </datafield>
         <datafield tag="622" ind1=" " ind2=" ">
            <subfield code="e">University of North Carolina at, Greensboro, Walter Clinton Jackson, Library, 320 College Avenue, Greensboro, NC 27412-0001, USA</subfield>
            <subfield code="u">http://library.uncg.edu/</subfield>
         </datafield>
      </record>