
      <record>
         <leader>00000nz  a2200169   4500</leader>
         <controlfield tag="001">30002286</controlfield>
         <controlfield tag="003">RISM</controlfield>
         <controlfield tag="005">20160216</controlfield>
         <controlfield tag="008">160216n||az|||||||##########||||||||||||</controlfield>
         <datafield tag="040" ind1=" " ind2=" ">
            <subfield code="a">US-GRE</subfield>
         </datafield>
         <datafield tag="043" ind1=" " ind2=" ">
            <subfield code="c">XD-US</subfield>
         </datafield>
         <datafield tag="110" ind1="2" ind2=" ">
            <subfield code="a">Eleutherian Mills Historical Library</subfield>
            <subfield code="c">Greenville, DE</subfield>
            <subfield code="g">US-GRE</subfield>
         </datafield>
         <datafield tag="410" ind1="2" ind2=" ">
            <subfield code="a">Eleutherian Mills-Hagley Foundation</subfield>
         </datafield>
         <datafield tag="622" ind1=" " ind2=" ">
            <subfield code="e">Eleutherian Mills Historical Library, US-Greenville, Wilmington, DE 19807, Vereinigte Staaten</subfield>
         </datafield>
      </record>