
      <record>
         <leader>00000nz  a2200169   4500</leader>
         <controlfield tag="001">30002292</controlfield>
         <controlfield tag="003">RISM</controlfield>
         <controlfield tag="005">20160216</controlfield>
         <controlfield tag="008">160216n||az|||||||##########||||||||||||</controlfield>
         <datafield tag="040" ind1=" " ind2=" ">
            <subfield code="a">US-HA</subfield>
         </datafield>
         <datafield tag="043" ind1=" " ind2=" ">
            <subfield code="c">XD-US</subfield>
         </datafield>
         <datafield tag="110" ind1="2" ind2=" ">
            <subfield code="a">Dartmouth College, Baker Library</subfield>
            <subfield code="c">Hanover, NH</subfield>
            <subfield code="g">US-HA</subfield>
         </datafield>
         <datafield tag="410" ind1="2" ind2=" ">
            <subfield code="a">Dartmouth College, Paddock Music Library</subfield>
         </datafield>
         <datafield tag="410" ind1="2" ind2=" ">
            <subfield code="a">Baker Library, Dartmouth College</subfield>
         </datafield>
         <datafield tag="622" ind1=" " ind2=" ">
            <subfield code="e">Dartmouth College, Baker Library, US-Hanover, NH 03755, Vereinigte Staaten</subfield>
         </datafield>
      </record>