
      <record>
         <leader>00000nz  a2200169   4500</leader>
         <controlfield tag="001">30078137</controlfield>
         <controlfield tag="003">RISM</controlfield>
         <controlfield tag="005">20160216</controlfield>
         <controlfield tag="008">160216n||az|||||||##########||||||||||||</controlfield>
         <datafield tag="040" ind1=" " ind2=" ">
            <subfield code="a">US-HARcl</subfield>
         </datafield>
         <datafield tag="043" ind1=" " ind2=" ">
            <subfield code="c">US</subfield>
         </datafield>
         <datafield tag="110" ind1="2" ind2=" ">
            <subfield code="a">Cromaine Library</subfield>
            <subfield code="c">Hartland, MI</subfield>
            <subfield code="g">US-HARcl</subfield>
         </datafield>
         <datafield tag="410" ind1="2" ind2=" ">
            <subfield code="a">Cromaine District Library</subfield>
         </datafield>
         <datafield tag="622" ind1=" " ind2=" ">
            <subfield code="e">Cromaine Library, 3688 N. Hartland Road, Hartland, MI 48353, USA</subfield>
            <subfield code="u">http://www.cromaine.org/</subfield>
         </datafield>
      </record>