
      <record>
         <leader>00000nz  a2200169   4500</leader>
         <controlfield tag="001">30004224</controlfield>
         <controlfield tag="003">RISM</controlfield>
         <controlfield tag="005">20160216</controlfield>
         <controlfield tag="008">160216n||az|||||||##########||||||||||||</controlfield>
         <datafield tag="040" ind1=" " ind2=" ">
            <subfield code="a">US-HAT</subfield>
         </datafield>
         <datafield tag="043" ind1=" " ind2=" ">
            <subfield code="c">XD-US</subfield>
         </datafield>
         <datafield tag="110" ind1="2" ind2=" ">
            <subfield code="a">University of Southern Mississippi, Libraries</subfield>
            <subfield code="c">Hattiesburg, MS</subfield>
            <subfield code="g">US-HAT</subfield>
         </datafield>
         <datafield tag="622" ind1=" " ind2=" ">
            <subfield code="e">University of Southern Mississippi,, Libraries, Southern Station, Box 5158, US, -Hattiesburg, MS 39401, Vereinigte Staaten</subfield>
         </datafield>
      </record>