
      <record>
         <leader>00000nz  a2200169   4500</leader>
         <controlfield tag="001">30002295</controlfield>
         <controlfield tag="003">RISM</controlfield>
         <controlfield tag="005">20160216</controlfield>
         <controlfield tag="008">160216n||az|||||||##########||||||||||||</controlfield>
         <datafield tag="040" ind1=" " ind2=" ">
            <subfield code="a">US-HB</subfield>
         </datafield>
         <datafield tag="043" ind1=" " ind2=" ">
            <subfield code="c">XD-US</subfield>
         </datafield>
         <datafield tag="110" ind1="2" ind2=" ">
            <subfield code="a">Eastern Mennonite College, Menno Simons Historical Library and Archives</subfield>
            <subfield code="c">Harrisonburg, VA</subfield>
            <subfield code="g">US-HB</subfield>
         </datafield>
         <datafield tag="622" ind1=" " ind2=" ">
            <subfield code="e">Eastern Mennonite College, Menno Simons, Historical Library and Archives, US-Harrisonburg, VA 22801, Vereinigte Staaten</subfield>
         </datafield>
      </record>