
      <record>
         <leader>00000nz  a2200169   4500</leader>
         <controlfield tag="001">30002296</controlfield>
         <controlfield tag="003">RISM</controlfield>
         <controlfield tag="005">20160216</controlfield>
         <controlfield tag="008">160216n||az|||||||##########||||||||||||</controlfield>
         <datafield tag="040" ind1=" " ind2=" ">
            <subfield code="a">US-HG</subfield>
         </datafield>
         <datafield tag="043" ind1=" " ind2=" ">
            <subfield code="c">XD-US</subfield>
         </datafield>
         <datafield tag="110" ind1="2" ind2=" ">
            <subfield code="a">Pennsylvania State Library</subfield>
            <subfield code="c">Harrisburg, PA</subfield>
            <subfield code="g">US-HG</subfield>
         </datafield>
         <datafield tag="410" ind1="2" ind2=" ">
            <subfield code="a">State Library of Pennsylvania, Rare Books Section</subfield>
         </datafield>
         <datafield tag="622" ind1=" " ind2=" ">
            <subfield code="e">Pennsylvania State Library, Walnut St. and Commonwealth Ave. (Box:, 1601), US-Harrisburg, PA 17126, Vereinigte Staaten</subfield>
         </datafield>
      </record>