
      <record>
         <leader>00000nz  a2200169   4500</leader>
         <controlfield tag="001">30004223</controlfield>
         <controlfield tag="003">RISM</controlfield>
         <controlfield tag="005">20160216</controlfield>
         <controlfield tag="008">160216n||az|||||||##########||||||||||||</controlfield>
         <datafield tag="040" ind1=" " ind2=" ">
            <subfield code="a">US-HGhm</subfield>
         </datafield>
         <datafield tag="043" ind1=" " ind2=" ">
            <subfield code="c">XD-US</subfield>
         </datafield>
         <datafield tag="110" ind1="2" ind2=" ">
            <subfield code="a">Pennsylvania Historical and Museum Commission, Division of Archives and Manuscripts</subfield>
            <subfield code="c">Harrisburg, PA</subfield>
            <subfield code="g">US-HGhm</subfield>
         </datafield>
         <datafield tag="622" ind1=" " ind2=" ">
            <subfield code="e">Pennsylvania Historical and Museum, Commission, Division of Archives and, Manuscripts, William Penn Memorial Museum and, Archives Bldg., Third and North Sts.,, (Box 1026), US-Harrisburg, PA, Vereinigte Staaten</subfield>
         </datafield>
      </record>