
      <record>
         <leader>00000nz  a2200169   4500</leader>
         <controlfield tag="001">30003179</controlfield>
         <controlfield tag="003">RISM</controlfield>
         <controlfield tag="005">20160216</controlfield>
         <controlfield tag="008">160216n||az|||||||##########||||||||||||</controlfield>
         <datafield tag="040" ind1=" " ind2=" ">
            <subfield code="a">US-Hhc</subfield>
         </datafield>
         <datafield tag="043" ind1=" " ind2=" ">
            <subfield code="c">XD-US</subfield>
         </datafield>
         <datafield tag="110" ind1="2" ind2=" ">
            <subfield code="a">Hartt College of Music Library, The University of Hartford</subfield>
            <subfield code="c">Hartford, CT</subfield>
            <subfield code="g">US-Hhc</subfield>
         </datafield>
         <datafield tag="410" ind1="2" ind2=" ">
            <subfield code="a">Hartt College of Music, Allen Memorial Library, University of Hartford</subfield>
         </datafield>
         <datafield tag="622" ind1=" " ind2=" ">
            <subfield code="e">Hartt College of Music Library, The, University of Hartford, US-West Hartford, CT 06117, Vereinigte Staaten</subfield>
         </datafield>
      </record>