
      <record>
         <leader>00000nz  a2200169   4500</leader>
         <controlfield tag="001">30002287</controlfield>
         <controlfield tag="003">RISM</controlfield>
         <controlfield tag="005">20160216</controlfield>
         <controlfield tag="008">160216n||az|||||||##########||||||||||||</controlfield>
         <datafield tag="040" ind1=" " ind2=" ">
            <subfield code="a">US-Hhs</subfield>
         </datafield>
         <datafield tag="043" ind1=" " ind2=" ">
            <subfield code="c">XD-US</subfield>
         </datafield>
         <datafield tag="110" ind1="2" ind2=" ">
            <subfield code="a">Connecticut Historical Society Library</subfield>
            <subfield code="c">Hartford, CT</subfield>
            <subfield code="g">US-Hhs</subfield>
         </datafield>
         <datafield tag="410" ind1="2" ind2=" ">
            <subfield code="a">Connecticut Historical Society - Museum &amp; Library</subfield>
         </datafield>
         <datafield tag="622" ind1=" " ind2=" ">
            <subfield code="e">Connecticut Historical Society Library, 1 Elizabeth St., Hartford, CT 06105, USA</subfield>
            <subfield code="u">http://www.chs.org/</subfield>
         </datafield>
      </record>