
      <record>
         <leader>00000nz  a2200169   4500</leader>
         <controlfield tag="001">30002298</controlfield>
         <controlfield tag="003">RISM</controlfield>
         <controlfield tag="005">20160216</controlfield>
         <controlfield tag="008">160216n||az|||||||##########||||||||||||</controlfield>
         <datafield tag="040" ind1=" " ind2=" ">
            <subfield code="a">US-HOLc</subfield>
         </datafield>
         <datafield tag="043" ind1=" " ind2=" ">
            <subfield code="c">XD-US</subfield>
         </datafield>
         <datafield tag="110" ind1="2" ind2=" ">
            <subfield code="a">Fishburn Library</subfield>
            <subfield code="c">Hollins College, VA</subfield>
            <subfield code="g">US-HOLc</subfield>
         </datafield>
         <datafield tag="410" ind1="2" ind2=" ">
            <subfield code="a">Hollins College, Fishburn Library</subfield>
         </datafield>
         <datafield tag="410" ind1="2" ind2=" ">
            <subfield code="a">Erich Rath Library and Listening Center</subfield>
         </datafield>
         <datafield tag="622" ind1=" " ind2=" ">
            <subfield code="e">Fishburn Library, US-Hollins College, VA 24020, Vereinigte Staaten</subfield>
         </datafield>
      </record>