
      <record>
         <leader>00000nz  a2200169   4500</leader>
         <controlfield tag="001">30004225</controlfield>
         <controlfield tag="003">RISM</controlfield>
         <controlfield tag="005">20160216</controlfield>
         <controlfield tag="008">160216n||az|||||||##########||||||||||||</controlfield>
         <datafield tag="040" ind1=" " ind2=" ">
            <subfield code="a">US-HONu</subfield>
         </datafield>
         <datafield tag="043" ind1=" " ind2=" ">
            <subfield code="c">XD-US</subfield>
         </datafield>
         <datafield tag="110" ind1="2" ind2=" ">
            <subfield code="a">University of Hawaii at Manoa, University Libraries</subfield>
            <subfield code="c">Honolulu, HI</subfield>
            <subfield code="g">US-HONu</subfield>
         </datafield>
         <datafield tag="622" ind1=" " ind2=" ">
            <subfield code="e">University of Hawaii at Manoa,, University Libraries, 2550 The Mall, US-Honolulu, HI 96822, Vereinigte Staaten</subfield>
         </datafield>
      </record>