
      <record>
         <leader>00000nz  a2200169   4500</leader>
         <controlfield tag="001">30004226</controlfield>
         <controlfield tag="003">RISM</controlfield>
         <controlfield tag="005">20160216</controlfield>
         <controlfield tag="008">160216n||az|||||||##########||||||||||||</controlfield>
         <datafield tag="040" ind1=" " ind2=" ">
            <subfield code="a">US-HOUr</subfield>
         </datafield>
         <datafield tag="043" ind1=" " ind2=" ">
            <subfield code="c">XD-US</subfield>
         </datafield>
         <datafield tag="110" ind1="2" ind2=" ">
            <subfield code="a">Rice University, Fondren Library, Music Library</subfield>
            <subfield code="c">Houston, TX</subfield>
            <subfield code="g">US-HOUr</subfield>
         </datafield>
         <datafield tag="622" ind1=" " ind2=" ">
            <subfield code="e">Rice University, Fondren Library, Music, Library, P.O. Box 1892, US-Houston, TX 77251, Vereinigte Staaten</subfield>
         </datafield>
      </record>