
      <record>
         <leader>00000nz  a2200169   4500</leader>
         <controlfield tag="001">30003180</controlfield>
         <controlfield tag="003">RISM</controlfield>
         <controlfield tag="005">20160216</controlfield>
         <controlfield tag="008">160216n||az|||||||##########||||||||||||</controlfield>
         <datafield tag="040" ind1=" " ind2=" ">
            <subfield code="a">US-HP</subfield>
         </datafield>
         <datafield tag="043" ind1=" " ind2=" ">
            <subfield code="c">XD-US</subfield>
         </datafield>
         <datafield tag="110" ind1="2" ind2=" ">
            <subfield code="a">Franklin D. Roosevelt Memorial Library, National Archives and Records Service, General Services Administration</subfield>
            <subfield code="c">Hyde Park, NY</subfield>
            <subfield code="g">US-HP</subfield>
         </datafield>
         <datafield tag="622" ind1=" " ind2=" ">
            <subfield code="e">Franklin D. Roosevelt Memorial Library,, National Archives and Records Service,, General Services Administration, US-Hyde Park, NY 12538, Vereinigte Staaten</subfield>
         </datafield>
      </record>