
      <record>
         <leader>00000nz  a2200169   4500</leader>
         <controlfield tag="001">30002290</controlfield>
         <controlfield tag="003">RISM</controlfield>
         <controlfield tag="005">20160216</controlfield>
         <controlfield tag="008">160216n||az|||||||##########||||||||||||</controlfield>
         <datafield tag="040" ind1=" " ind2=" ">
            <subfield code="a">US-Hp</subfield>
         </datafield>
         <datafield tag="043" ind1=" " ind2=" ">
            <subfield code="c">XD-US</subfield>
         </datafield>
         <datafield tag="110" ind1="2" ind2=" ">
            <subfield code="a">Public Library, Art &amp; Music Department</subfield>
            <subfield code="c">Hartford, CT</subfield>
            <subfield code="g">US-Hp</subfield>
         </datafield>
         <datafield tag="622" ind1=" " ind2=" ">
            <subfield code="e">Public Library, Art &amp; Music Department, 500 Main St., US-Hartford, CT 06103, Vereinigte Staaten</subfield>
         </datafield>
      </record>