
      <record>
         <leader>00000nz  a2200169   4500</leader>
         <controlfield tag="001">30002299</controlfield>
         <controlfield tag="003">RISM</controlfield>
         <controlfield tag="005">20160216</controlfield>
         <controlfield tag="008">160216n||az|||||||##########||||||||||||</controlfield>
         <datafield tag="040" ind1=" " ind2=" ">
            <subfield code="a">US-HU</subfield>
         </datafield>
         <datafield tag="043" ind1=" " ind2=" ">
            <subfield code="c">XD-US</subfield>
         </datafield>
         <datafield tag="110" ind1="2" ind2=" ">
            <subfield code="a">Juniata College, L. A. Beechly Library</subfield>
            <subfield code="c">Huntingdon, PA</subfield>
            <subfield code="g">US-HU</subfield>
         </datafield>
         <datafield tag="410" ind1="2" ind2=" ">
            <subfield code="a">Juniata College Library</subfield>
         </datafield>
         <datafield tag="622" ind1=" " ind2=" ">
            <subfield code="e">Juniata College, L. A. Beechly Library, US-Huntingdon, PA 16652, Vereinigte Staaten</subfield>
         </datafield>
      </record>