
      <record>
         <leader>00000nz  a2200169   4500</leader>
         <controlfield tag="001">30002300</controlfield>
         <controlfield tag="003">RISM</controlfield>
         <controlfield tag="005">20160216</controlfield>
         <controlfield tag="008">160216n||az|||||||##########||||||||||||</controlfield>
         <datafield tag="040" ind1=" " ind2=" ">
            <subfield code="a">US-HW</subfield>
         </datafield>
         <datafield tag="043" ind1=" " ind2=" ">
            <subfield code="c">XD-US</subfield>
         </datafield>
         <datafield tag="110" ind1="2" ind2=" ">
            <subfield code="a">California State Library &lt;Hayward, CA&gt;</subfield>
            <subfield code="c">Hayward, CA</subfield>
            <subfield code="g">US-HW</subfield>
         </datafield>
         <datafield tag="410" ind1="2" ind2=" ">
            <subfield code="a">California State Library, Hayward, Music Library</subfield>
         </datafield>
         <datafield tag="622" ind1=" " ind2=" ">
            <subfield code="e">California State Library, US-Hayward, CA 94542, Vereinigte Staaten</subfield>
            <subfield code="u">http://www.library.ca.gov/</subfield>
         </datafield>
      </record>