
      <record>
         <leader>00000nz  a2200169   4500</leader>
         <controlfield tag="001">30000296</controlfield>
         <controlfield tag="003">RISM</controlfield>
         <controlfield tag="005">20160216</controlfield>
         <controlfield tag="008">160216n||az|||||||##########||||||||||||</controlfield>
         <datafield tag="040" ind1=" " ind2=" ">
            <subfield code="a">US-Hw</subfield>
         </datafield>
         <datafield tag="043" ind1=" " ind2=" ">
            <subfield code="c">XD-US</subfield>
         </datafield>
         <datafield tag="110" ind1="2" ind2=" ">
            <subfield code="a">Trinity College, Watkinson Library</subfield>
            <subfield code="c">Hartford, CT</subfield>
            <subfield code="g">US-Hw</subfield>
         </datafield>
         <datafield tag="410" ind1="2" ind2=" ">
            <subfield code="a">The Watkinson Library &amp; Trinity College Archives</subfield>
         </datafield>
         <datafield tag="622" ind1=" " ind2=" ">
            <subfield code="e">Trinity College, Watkinson Library, 300 Summit Street, Hartford, CT 06106, USA</subfield>
            <subfield code="u">http://library.trincoll.edu/research/watk/</subfield>
         </datafield>
      </record>