
      <record>
         <leader>00000nz  a2200169   4500</leader>
         <controlfield tag="001">30000297</controlfield>
         <controlfield tag="003">RISM</controlfield>
         <controlfield tag="005">20160216</controlfield>
         <controlfield tag="008">160216n||az|||||||##########||||||||||||</controlfield>
         <datafield tag="040" ind1=" " ind2=" ">
            <subfield code="a">US-I</subfield>
         </datafield>
         <datafield tag="043" ind1=" " ind2=" ">
            <subfield code="c">XD-US</subfield>
         </datafield>
         <datafield tag="110" ind1="2" ind2=" ">
            <subfield code="a">Cornell University Music Library</subfield>
            <subfield code="c">Ithaca, NY</subfield>
            <subfield code="g">US-I</subfield>
         </datafield>
         <datafield tag="410" ind1="2" ind2=" ">
            <subfield code="a">Sidney Cox Library of Music and Dance</subfield>
         </datafield>
         <datafield tag="622" ind1=" " ind2=" ">
            <subfield code="e">Cornell University Music Library, 220 Lincoln Hall, Ithaca, NY 14853-4101, USA</subfield>
            <subfield code="u">http://www.library.cornell.edu/music/</subfield>
         </datafield>
      </record>