
      <record>
         <leader>00000nz  a2200169   4500</leader>
         <controlfield tag="001">30003842</controlfield>
         <controlfield tag="003">RISM</controlfield>
         <controlfield tag="005">20160216</controlfield>
         <controlfield tag="008">160216n||az|||||||##########||||||||||||</controlfield>
         <datafield tag="040" ind1=" " ind2=" ">
            <subfield code="a">US-IDt</subfield>
         </datafield>
         <datafield tag="043" ind1=" " ind2=" ">
            <subfield code="c">XD-US</subfield>
         </datafield>
         <datafield tag="110" ind1="2" ind2=" ">
            <subfield code="a">Harry S. Truman Library</subfield>
            <subfield code="c">Independence, MO</subfield>
            <subfield code="g">US-IDt</subfield>
         </datafield>
         <datafield tag="410" ind1="2" ind2=" ">
            <subfield code="a">Harry S. Truman Library, National Records and Archives Service, General Services Administration</subfield>
         </datafield>
         <datafield tag="410" ind1="2" ind2=" ">
            <subfield code="a">Harry S. Truman Library and Museum</subfield>
         </datafield>
         <datafield tag="622" ind1=" " ind2=" ">
            <subfield code="e">Harry S. Truman Library, 500 W. US Hwy. 24 Hwy, Independence, MO 64050, USA</subfield>
            <subfield code="u">http://www.trumanlibrary.org</subfield>
         </datafield>
      </record>