
      <record>
         <leader>00000nz  a2200169   4500</leader>
         <controlfield tag="001">30080588</controlfield>
         <controlfield tag="003">RISM</controlfield>
         <controlfield tag="005">20160216</controlfield>
         <controlfield tag="008">160216n||az|||||||##########||||||||||||</controlfield>
         <datafield tag="040" ind1=" " ind2=" ">
            <subfield code="a">US-INbul</subfield>
         </datafield>
         <datafield tag="043" ind1=" " ind2=" ">
            <subfield code="c">XD-US</subfield>
         </datafield>
         <datafield tag="110" ind1="2" ind2=" ">
            <subfield code="a">Butler University Libraries</subfield>
            <subfield code="c">Indianapolis, IN</subfield>
            <subfield code="g">US-INbul</subfield>
         </datafield>
         <datafield tag="410" ind1="2" ind2=" ">
            <subfield code="a">Irwin Library, Department of Special Collections, Rare Books &amp; University Archives</subfield>
         </datafield>
         <datafield tag="622" ind1=" " ind2=" ">
            <subfield code="e">Butler University Libraries, 4600 Sunset Ave., Indianapolis, IN 46208, USA</subfield>
            <subfield code="u">http://legacy.butler.edu/library/</subfield>
         </datafield>
      </record>