
      <record>
         <leader>00000nz  a2200169   4500</leader>
         <controlfield tag="001">30076642</controlfield>
         <controlfield tag="003">RISM</controlfield>
         <controlfield tag="005">20160216</controlfield>
         <controlfield tag="008">160216n||az|||||||##########||||||||||||</controlfield>
         <datafield tag="040" ind1=" " ind2=" ">
            <subfield code="a">US-INDu</subfield>
         </datafield>
         <datafield tag="043" ind1=" " ind2=" ">
            <subfield code="c">XD-US</subfield>
         </datafield>
         <datafield tag="110" ind1="2" ind2=" ">
            <subfield code="a">Indiana University of Pennsylvania, Special Collections and University Archives</subfield>
            <subfield code="c">Indiana, PA</subfield>
            <subfield code="g">US-INDu</subfield>
         </datafield>
         <datafield tag="622" ind1=" " ind2=" ">
            <subfield code="e">Indiana University of Pennsylvania, 1011 South Drive, Indiana, PA 15705, USA</subfield>
            <subfield code="u">http://www.iup.edu/</subfield>
         </datafield>
      </record>