
      <record>
         <leader>00000nz  a2200169   4500</leader>
         <controlfield tag="001">30004227</controlfield>
         <controlfield tag="003">RISM</controlfield>
         <controlfield tag="005">20160216</controlfield>
         <controlfield tag="008">160216n||az|||||||##########||||||||||||</controlfield>
         <datafield tag="040" ind1=" " ind2=" ">
            <subfield code="a">US-INp</subfield>
         </datafield>
         <datafield tag="043" ind1=" " ind2=" ">
            <subfield code="c">XD-US</subfield>
         </datafield>
         <datafield tag="110" ind1="2" ind2=" ">
            <subfield code="a">Indianapolis-Marion County Public Library, Arts Division</subfield>
            <subfield code="c">Indianapolis, IN</subfield>
            <subfield code="g">US-INp</subfield>
         </datafield>
         <datafield tag="622" ind1=" " ind2=" ">
            <subfield code="e">Indianapolis-Marion County Public, Library, Arts Division, 40 E St. Clair St., US-Indianapolis, IN, 46204, Vereinigte Staaten</subfield>
         </datafield>
      </record>