
      <record>
         <leader>00000nz  a2200169   4500</leader>
         <controlfield tag="001">30002301</controlfield>
         <controlfield tag="003">RISM</controlfield>
         <controlfield tag="005">20160216</controlfield>
         <controlfield tag="008">160216n||az|||||||##########||||||||||||</controlfield>
         <datafield tag="040" ind1=" " ind2=" ">
            <subfield code="a">US-IO</subfield>
         </datafield>
         <datafield tag="043" ind1=" " ind2=" ">
            <subfield code="c">XD-US</subfield>
         </datafield>
         <datafield tag="110" ind1="2" ind2=" ">
            <subfield code="a">University of Iowa, Music Library</subfield>
            <subfield code="c">Iowa City, IA</subfield>
            <subfield code="g">US-IO</subfield>
         </datafield>
         <datafield tag="410" ind1="2" ind2=" ">
            <subfield code="a">University of Iowa, Rita Benton Music Library, School of Music</subfield>
         </datafield>
         <datafield tag="410" ind1="2" ind2=" ">
            <subfield code="a">State University of Iowa</subfield>
         </datafield>
         <datafield tag="622" ind1=" " ind2=" ">
            <subfield code="e">University of Iowa, Music Library, US-Iowa City, IA 52242, Vereinigte Staaten</subfield>
         </datafield>
      </record>