
      <record>
         <leader>00000nz  a2200169   4500</leader>
         <controlfield tag="001">30005902</controlfield>
         <controlfield tag="003">RISM</controlfield>
         <controlfield tag="005">20160216</controlfield>
         <controlfield tag="008">160216n||az|||||||##########||||||||||||</controlfield>
         <datafield tag="040" ind1=" " ind2=" ">
            <subfield code="a">US-Io</subfield>
         </datafield>
         <datafield tag="043" ind1=" " ind2=" ">
            <subfield code="c">XD-US</subfield>
         </datafield>
         <datafield tag="110" ind1="2" ind2=" ">
            <subfield code="a">Cornell University, John M. Olin Library</subfield>
            <subfield code="c">Ithaca, NY</subfield>
            <subfield code="g">US-Io</subfield>
         </datafield>
         <datafield tag="622" ind1=" " ind2=" ">
            <subfield code="e">Cornell University, John M. Olin Library, US-Ithaca, N.Y. 14853-5301, Vereinigte Staaten</subfield>
         </datafield>
      </record>