
      <record>
         <leader>00000nz  a2200169   4500</leader>
         <controlfield tag="001">30002304</controlfield>
         <controlfield tag="003">RISM</controlfield>
         <controlfield tag="005">20160216</controlfield>
         <controlfield tag="008">160216n||az|||||||##########||||||||||||</controlfield>
         <datafield tag="040" ind1=" " ind2=" ">
            <subfield code="a">US-IOhs</subfield>
         </datafield>
         <datafield tag="043" ind1=" " ind2=" ">
            <subfield code="c">XD-US</subfield>
         </datafield>
         <datafield tag="110" ind1="2" ind2=" ">
            <subfield code="a">Iowa State Historical Society</subfield>
            <subfield code="c">Iowa City, IA</subfield>
            <subfield code="g">US-IOhs</subfield>
         </datafield>
         <datafield tag="410" ind1="2" ind2=" ">
            <subfield code="a">Iowa State Historical Society Library</subfield>
         </datafield>
         <datafield tag="410" ind1="2" ind2=" ">
            <subfield code="a">Iowa State Historical Department, Manuscript Department</subfield>
         </datafield>
         <datafield tag="622" ind1=" " ind2=" ">
            <subfield code="e">Iowa State Historical Society, 402 Iowa Ave., US-Iowa City, IA 52240, Vereinigte Staaten</subfield>
         </datafield>
      </record>