
      <record>
         <leader>00000nz  a2200169   4500</leader>
         <controlfield tag="001">30004228</controlfield>
         <controlfield tag="003">RISM</controlfield>
         <controlfield tag="005">20160216</controlfield>
         <controlfield tag="008">160216n||az|||||||##########||||||||||||</controlfield>
         <datafield tag="040" ind1=" " ind2=" ">
            <subfield code="a">US-IR</subfield>
         </datafield>
         <datafield tag="043" ind1=" " ind2=" ">
            <subfield code="c">XD-US</subfield>
         </datafield>
         <datafield tag="110" ind1="2" ind2=" ">
            <subfield code="a">University of California, Irvine, General Library</subfield>
            <subfield code="c">Irvine, CA</subfield>
            <subfield code="g">US-IR</subfield>
         </datafield>
         <datafield tag="622" ind1=" " ind2=" ">
            <subfield code="e">University of California, Irvine,, General Library, P.O. Box 19557, US-Irvine, CA 92713, Vereinigte Staaten</subfield>
         </datafield>
      </record>