
      <record>
         <leader>00000nz  a2200169   4500</leader>
         <controlfield tag="001">30004229</controlfield>
         <controlfield tag="003">RISM</controlfield>
         <controlfield tag="005">20160216</controlfield>
         <controlfield tag="008">160216n||az|||||||##########||||||||||||</controlfield>
         <datafield tag="040" ind1=" " ind2=" ">
            <subfield code="a">US-Jp</subfield>
         </datafield>
         <datafield tag="043" ind1=" " ind2=" ">
            <subfield code="c">XD-US</subfield>
         </datafield>
         <datafield tag="110" ind1="2" ind2=" ">
            <subfield code="a">Jacksonville Public Library, Haydon Burns Library, Art and Music Department</subfield>
            <subfield code="c">Jacksonville, FL</subfield>
            <subfield code="g">US-Jp</subfield>
         </datafield>
         <datafield tag="622" ind1=" " ind2=" ">
            <subfield code="e">Jacksonville Public Library, Haydon, Burns Library, Art and Music Department, 122 N Ocean St., US-Jacksonville, FL, 32202, Vereinigte Staaten</subfield>
         </datafield>
      </record>