
      <record>
         <leader>00000nz  a2200169   4500</leader>
         <controlfield tag="001">30004230</controlfield>
         <controlfield tag="003">RISM</controlfield>
         <controlfield tag="005">20160216</controlfield>
         <controlfield tag="008">160216n||az|||||||##########||||||||||||</controlfield>
         <datafield tag="040" ind1=" " ind2=" ">
            <subfield code="a">US-JUh</subfield>
         </datafield>
         <datafield tag="043" ind1=" " ind2=" ">
            <subfield code="c">XD-US</subfield>
         </datafield>
         <datafield tag="110" ind1="2" ind2=" ">
            <subfield code="a">Alaska Historical Library, Alaska Division of State Libraries and Museums &lt;Juneau, AK&gt;</subfield>
            <subfield code="c">Juneau, AK</subfield>
            <subfield code="g">US-JUh</subfield>
         </datafield>
         <datafield tag="622" ind1=" " ind2=" ">
            <subfield code="e">Alaska Historical Library, Alaska, Division of State Libraries and Museums, State Office Bldg., Pouch G, US-Juneau,, AK 99811, Vereinigte Staaten</subfield>
            <subfield code="u">http://library.state.ak.us</subfield>
         </datafield>
      </record>