
      <record>
         <leader>00000nz  a2200169   4500</leader>
         <controlfield tag="001">30000298</controlfield>
         <controlfield tag="003">RISM</controlfield>
         <controlfield tag="005">20160216</controlfield>
         <controlfield tag="008">160216n||az|||||||##########||||||||||||</controlfield>
         <datafield tag="040" ind1=" " ind2=" ">
            <subfield code="a">US-K</subfield>
         </datafield>
         <datafield tag="043" ind1=" " ind2=" ">
            <subfield code="c">XD-US</subfield>
         </datafield>
         <datafield tag="110" ind1="2" ind2=" ">
            <subfield code="a">Kent State University, Music Library</subfield>
            <subfield code="c">Kent, OH</subfield>
            <subfield code="g">US-K</subfield>
         </datafield>
         <datafield tag="622" ind1=" " ind2=" ">
            <subfield code="e">Kent State University, Music Library, Music &amp; Speech Building, Room D-5, Kent, OH 44242, USA</subfield>
            <subfield code="u">http://www.library.kent.edu/</subfield>
         </datafield>
      </record>