
      <record>
         <leader>00000nz  a2200169   4500</leader>
         <controlfield tag="001">30005658</controlfield>
         <controlfield tag="003">RISM</controlfield>
         <controlfield tag="005">20160216</controlfield>
         <controlfield tag="008">160216n||az|||||||##########||||||||||||</controlfield>
         <datafield tag="040" ind1=" " ind2=" ">
            <subfield code="a">US-KAL</subfield>
         </datafield>
         <datafield tag="043" ind1=" " ind2=" ">
            <subfield code="c">XD-US</subfield>
         </datafield>
         <datafield tag="110" ind1="2" ind2=" ">
            <subfield code="a">Western Michigan University, Institute of Cistercian Studies</subfield>
            <subfield code="c">Kalamazoo, MI</subfield>
            <subfield code="g">US-KAL</subfield>
         </datafield>
         <datafield tag="410" ind1="2" ind2=" ">
            <subfield code="a">Institute of Medical Studies</subfield>
         </datafield>
         <datafield tag="410" ind1="2" ind2=" ">
            <subfield code="a">Institute of Medieval Studies</subfield>
         </datafield>
         <datafield tag="622" ind1=" " ind2=" ">
            <subfield code="e">Western Michigan University, Institute, of Cistercian Studies, US-Kalamazoo MI 49008-3899, Vereinigte Staaten</subfield>
         </datafield>
      </record>