
      <record>
         <leader>00000nz  a2200169   4500</leader>
         <controlfield tag="001">30002306</controlfield>
         <controlfield tag="003">RISM</controlfield>
         <controlfield tag="005">20160216</controlfield>
         <controlfield tag="008">160216n||az|||||||##########||||||||||||</controlfield>
         <datafield tag="040" ind1=" " ind2=" ">
            <subfield code="a">US-KAuk</subfield>
         </datafield>
         <datafield tag="043" ind1=" " ind2=" ">
            <subfield code="c">XD-US</subfield>
         </datafield>
         <datafield tag="110" ind1="2" ind2=" ">
            <subfield code="a">University of Kansas, Medical Center</subfield>
            <subfield code="c">Kansas City, KS</subfield>
            <subfield code="g">US-KAuk</subfield>
         </datafield>
         <datafield tag="410" ind1="2" ind2=" ">
            <subfield code="a">Logan Clendening History of Medicine Library</subfield>
         </datafield>
         <datafield tag="622" ind1=" " ind2=" ">
            <subfield code="e">University of Kansas, Medical Center, Rainbow Blvd. at 39th St., Kansas City, KS 66103, USA</subfield>
         </datafield>
      </record>