
      <record>
         <leader>00000nz  a2200169   4500</leader>
         <controlfield tag="001">30000299</controlfield>
         <controlfield tag="003">RISM</controlfield>
         <controlfield tag="005">20160216</controlfield>
         <controlfield tag="008">160216n||az|||||||##########||||||||||||</controlfield>
         <datafield tag="040" ind1=" " ind2=" ">
            <subfield code="a">US-KBrobbin</subfield>
         </datafield>
         <datafield tag="043" ind1=" " ind2=" ">
            <subfield code="c">XD-US</subfield>
         </datafield>
         <datafield tag="110" ind1="2" ind2=" ">
            <subfield code="a">Leon Robbin, Private collection</subfield>
            <subfield code="c">Key Biscayne, FL</subfield>
            <subfield code="g">US-KBrobbin</subfield>
         </datafield>
         <datafield tag="622" ind1=" " ind2=" ">
            <subfield code="e">Leon Robbin, Private collection, The Towers, A 503, Key Biscayne, FL 33149, USA</subfield>
         </datafield>
      </record>