
      <record>
         <leader>00000nz  a2200169   4500</leader>
         <controlfield tag="001">30002307</controlfield>
         <controlfield tag="003">RISM</controlfield>
         <controlfield tag="005">20160216</controlfield>
         <controlfield tag="008">160216n||az|||||||##########||||||||||||</controlfield>
         <datafield tag="040" ind1=" " ind2=" ">
            <subfield code="a">US-KC</subfield>
         </datafield>
         <datafield tag="043" ind1=" " ind2=" ">
            <subfield code="c">XD-US</subfield>
         </datafield>
         <datafield tag="110" ind1="2" ind2=" ">
            <subfield code="a">The University of Missouri - Kansas City, Conservatory of Music and Dance, Library</subfield>
            <subfield code="c">Kansas City, MO</subfield>
            <subfield code="g">US-KC</subfield>
         </datafield>
         <datafield tag="410" ind1="2" ind2=" ">
            <subfield code="a">University of Missouri, Kansas City Conservatory of Music, Library</subfield>
         </datafield>
         <datafield tag="622" ind1=" " ind2=" ">
            <subfield code="e">The University of Missouri - Kansas,  City, Conservatory of Music and Dance,,  Library, 4420 Warwick Blvd., Kansas City, MO 64111, USA</subfield>
            <subfield code="u">http://conservatory.umkc.edu/</subfield>
         </datafield>
      </record>