
      <record>
         <leader>00000nz  a2200169   4500</leader>
         <controlfield tag="001">30004231</controlfield>
         <controlfield tag="003">RISM</controlfield>
         <controlfield tag="005">20160216</controlfield>
         <controlfield tag="008">160216n||az|||||||##########||||||||||||</controlfield>
         <datafield tag="040" ind1=" " ind2=" ">
            <subfield code="a">US-KCm</subfield>
         </datafield>
         <datafield tag="043" ind1=" " ind2=" ">
            <subfield code="c">XD-US</subfield>
         </datafield>
         <datafield tag="110" ind1="2" ind2=" ">
            <subfield code="a">Kansas City Museum, Library and Archives</subfield>
            <subfield code="c">Kansas City, MO</subfield>
            <subfield code="g">US-KCm</subfield>
         </datafield>
         <datafield tag="622" ind1=" " ind2=" ">
            <subfield code="e">Kansas City Museum, Library and Archives, 3218 Gladstone Blvd., Kansas City, MO 64123, USA</subfield>
            <subfield code="u">http://www.kansascitymuseum.org/</subfield>
         </datafield>
      </record>