
      <record>
         <leader>00000nz  a2200169   4500</leader>
         <controlfield tag="001">30004232</controlfield>
         <controlfield tag="003">RISM</controlfield>
         <controlfield tag="005">20160216</controlfield>
         <controlfield tag="008">160216n||az|||||||##########||||||||||||</controlfield>
         <datafield tag="040" ind1=" " ind2=" ">
            <subfield code="a">US-KN</subfield>
         </datafield>
         <datafield tag="043" ind1=" " ind2=" ">
            <subfield code="c">XD-US</subfield>
         </datafield>
         <datafield tag="110" ind1="2" ind2=" ">
            <subfield code="a">University of Tennessee, Knoxville, Music Library</subfield>
            <subfield code="c">Knoxville, TN</subfield>
            <subfield code="g">US-KN</subfield>
         </datafield>
         <datafield tag="622" ind1=" " ind2=" ">
            <subfield code="e">University of Tennessee, Knoxville,, Music Library, US-Knoxville, TN 37916, Vereinigte Staaten</subfield>
         </datafield>
      </record>