
      <record>
         <leader>00000nz  a2200169   4500</leader>
         <controlfield tag="001">30004519</controlfield>
         <controlfield tag="003">RISM</controlfield>
         <controlfield tag="005">20160216</controlfield>
         <controlfield tag="008">160216n||az|||||||##########||||||||||||</controlfield>
         <datafield tag="040" ind1=" " ind2=" ">
            <subfield code="a">US-LAp</subfield>
         </datafield>
         <datafield tag="043" ind1=" " ind2=" ">
            <subfield code="c">XD-US</subfield>
         </datafield>
         <datafield tag="110" ind1="2" ind2=" ">
            <subfield code="a">Los Angeles Public Library, Art and Music Dept</subfield>
            <subfield code="c">Los Angeles, CA</subfield>
            <subfield code="g">US-LAp</subfield>
         </datafield>
         <datafield tag="622" ind1=" " ind2=" ">
            <subfield code="e">Los Angeles Public Library, Art and, Music Dept, 630 W 5th St., US-Los Angeles, CA 90071, Vereinigte Staaten</subfield>
         </datafield>
      </record>