
      <record>
         <leader>00000nz  a2200169   4500</leader>
         <controlfield tag="001">30002311</controlfield>
         <controlfield tag="003">RISM</controlfield>
         <controlfield tag="005">20160216</controlfield>
         <controlfield tag="008">160216n||az|||||||##########||||||||||||</controlfield>
         <datafield tag="040" ind1=" " ind2=" ">
            <subfield code="a">US-LAuc</subfield>
         </datafield>
         <datafield tag="043" ind1=" " ind2=" ">
            <subfield code="c">XD-US</subfield>
         </datafield>
         <datafield tag="110" ind1="2" ind2=" ">
            <subfield code="a">University of California, William Andrews Clark Memorial Library</subfield>
            <subfield code="c">Los Angeles, CA</subfield>
            <subfield code="g">US-LAuc</subfield>
         </datafield>
         <datafield tag="410" ind1="2" ind2=" ">
            <subfield code="a">UCLA, William Andrews Clark Memorial Library</subfield>
         </datafield>
         <datafield tag="622" ind1=" " ind2=" ">
            <subfield code="e">University of California, William, Andrews Clark Memorial Library, 2520 Cimarron St., Los Angeles, CA 90018-2098, USA</subfield>
            <subfield code="u">http://www.clarklibrary.ucla.edu/</subfield>
         </datafield>
      </record>