
      <record>
         <leader>00000nz  a2200169   4500</leader>
         <controlfield tag="001">30079318</controlfield>
         <controlfield tag="003">RISM</controlfield>
         <controlfield tag="005">20160216</controlfield>
         <controlfield tag="008">160216n||az|||||||##########||||||||||||</controlfield>
         <datafield tag="040" ind1=" " ind2=" ">
            <subfield code="a">US-LAucde</subfield>
         </datafield>
         <datafield tag="043" ind1=" " ind2=" ">
            <subfield code="c">US</subfield>
         </datafield>
         <datafield tag="110" ind1="2" ind2=" ">
            <subfield code="a">University of California, Department of Ethnomusicology</subfield>
            <subfield code="c">Los Angeles</subfield>
            <subfield code="g">US-LAucde</subfield>
         </datafield>
         <datafield tag="410" ind1="2" ind2=" ">
            <subfield code="a">UCLA Ethnomusicology Archive</subfield>
         </datafield>
         <datafield tag="622" ind1=" " ind2=" ">
            <subfield code="e">University of California, Department of,  Ethnomusicology, The UCLA Herb Alpert School of Music, 2539 Schoenberg Hall, Los Angeles, CA 90095-7234, USA</subfield>
            <subfield code="u">http://www.ethnomusic.ucla.edu/</subfield>
         </datafield>
      </record>