
      <record>
         <leader>00000nz  a2200169   4500</leader>
         <controlfield tag="001">30003994</controlfield>
         <controlfield tag="003">RISM</controlfield>
         <controlfield tag="005">20160216</controlfield>
         <controlfield tag="008">160216n||az|||||||##########||||||||||||</controlfield>
         <datafield tag="040" ind1=" " ind2=" ">
            <subfield code="a">US-LAur</subfield>
         </datafield>
         <datafield tag="043" ind1=" " ind2=" ">
            <subfield code="c">XD-US</subfield>
         </datafield>
         <datafield tag="110" ind1="2" ind2=" ">
            <subfield code="a">University of California, Special Collections Dept., University Research Library</subfield>
            <subfield code="c">Los Angeles, CA</subfield>
            <subfield code="g">US-LAur</subfield>
         </datafield>
         <datafield tag="410" ind1="2" ind2=" ">
            <subfield code="a">UCLA, Special Collections Dept., University Research Library</subfield>
         </datafield>
         <datafield tag="622" ind1=" " ind2=" ">
            <subfield code="e">University of California, Special, Collections Dept, University Research, Library, 405 Hilgard Ave., Los Angeles, CA 90024, USA</subfield>
            <subfield code="u">http://www.library.ucla.edu/libraries/special-collections</subfield>
         </datafield>
      </record>