
      <record>
         <leader>00000nz  a2200169   4500</leader>
         <controlfield tag="001">30002312</controlfield>
         <controlfield tag="003">RISM</controlfield>
         <controlfield tag="005">20160216</controlfield>
         <controlfield tag="008">160216n||az|||||||##########||||||||||||</controlfield>
         <datafield tag="040" ind1=" " ind2=" ">
            <subfield code="a">US-LAusc</subfield>
         </datafield>
         <datafield tag="043" ind1=" " ind2=" ">
            <subfield code="c">XD-US</subfield>
         </datafield>
         <datafield tag="110" ind1="2" ind2=" ">
            <subfield code="a">University of Southern California, Libraries</subfield>
            <subfield code="c">Los Angeles, CA</subfield>
            <subfield code="g">US-LAusc</subfield>
         </datafield>
         <datafield tag="410" ind1="2" ind2=" ">
            <subfield code="a">University of Southern California, Doheny Library, Music Library</subfield>
         </datafield>
         <datafield tag="410" ind1="2" ind2=" ">
            <subfield code="a">University of Southern California, School of Music</subfield>
         </datafield>
         <datafield tag="622" ind1=" " ind2=" ">
            <subfield code="e">University of Southern California,,  Libraries, University Park, Los Angeles, CA 90007, USA</subfield>
            <subfield code="u">http://www.usc.edu/libraries/</subfield>
         </datafield>
      </record>