
      <record>
         <leader>00000nz  a2200169   4500</leader>
         <controlfield tag="001">30001298</controlfield>
         <controlfield tag="003">RISM</controlfield>
         <controlfield tag="005">20160216</controlfield>
         <controlfield tag="008">160216n||az|||||||##########||||||||||||</controlfield>
         <datafield tag="040" ind1=" " ind2=" ">
            <subfield code="a">US-LAWd'andrea</subfield>
         </datafield>
         <datafield tag="043" ind1=" " ind2=" ">
            <subfield code="c">XD-US</subfield>
         </datafield>
         <datafield tag="110" ind1="2" ind2=" ">
            <subfield code="a">Michael d'Andrea, private collection &lt;Lawrenceville NJ&gt;</subfield>
            <subfield code="c">Lawrenceville NJ</subfield>
            <subfield code="g">US-LAWd'andrea</subfield>
         </datafield>
      </record>