
      <record>
         <leader>00000nz  a2200169   4500</leader>
         <controlfield tag="001">30002316</controlfield>
         <controlfield tag="003">RISM</controlfield>
         <controlfield tag="005">20160216</controlfield>
         <controlfield tag="008">160216n||az|||||||##########||||||||||||</controlfield>
         <datafield tag="040" ind1=" " ind2=" ">
            <subfield code="a">US-LB</subfield>
         </datafield>
         <datafield tag="043" ind1=" " ind2=" ">
            <subfield code="c">XD-US</subfield>
         </datafield>
         <datafield tag="110" ind1="2" ind2=" ">
            <subfield code="a">Bucknell University, Ellen Clarke Bertrand Library</subfield>
            <subfield code="c">Lewisburg, PA</subfield>
            <subfield code="g">US-LB</subfield>
         </datafield>
         <datafield tag="622" ind1=" " ind2=" ">
            <subfield code="e">Bucknell University, Ellen Clarke, Bertrand Library, US-Lewisburg, PA 17837, Vereinigte Staaten</subfield>
         </datafield>
      </record>