
      <record>
         <leader>00000nz  a2200169   4500</leader>
         <controlfield tag="001">30002317</controlfield>
         <controlfield tag="003">RISM</controlfield>
         <controlfield tag="005">20160216</controlfield>
         <controlfield tag="008">160216n||az|||||||##########||||||||||||</controlfield>
         <datafield tag="040" ind1=" " ind2=" ">
            <subfield code="a">US-LBH</subfield>
         </datafield>
         <datafield tag="043" ind1=" " ind2=" ">
            <subfield code="c">XD-US</subfield>
         </datafield>
         <datafield tag="110" ind1="2" ind2=" ">
            <subfield code="a">California State University Library &lt;Long Beach, CA&gt;</subfield>
            <subfield code="c">Long Beach, CA</subfield>
            <subfield code="g">US-LBH</subfield>
         </datafield>
         <datafield tag="410" ind1="2" ind2=" ">
            <subfield code="a">California State University, Long Beach, Humanities/Media Resources Library</subfield>
         </datafield>
         <datafield tag="622" ind1=" " ind2=" ">
            <subfield code="e">California State University, 1250 Bellflower Blvd., US-Long Beach,, CA 90840, Vereinigte Staaten</subfield>
            <subfield code="u">http://www.csulb.edu/library/</subfield>
         </datafield>
      </record>