
      <record>
         <leader>00000nz  a2200169   4500</leader>
         <controlfield tag="001">30002319</controlfield>
         <controlfield tag="003">RISM</controlfield>
         <controlfield tag="005">20160216</controlfield>
         <controlfield tag="008">160216n||az|||||||##########||||||||||||</controlfield>
         <datafield tag="040" ind1=" " ind2=" ">
            <subfield code="a">US-LCm</subfield>
         </datafield>
         <datafield tag="043" ind1=" " ind2=" ">
            <subfield code="c">XD-US</subfield>
         </datafield>
         <datafield tag="110" ind1="2" ind2=" ">
            <subfield code="a">Lancaster Mennonite Historical Library and Archives</subfield>
            <subfield code="c">Lancaster, PA</subfield>
            <subfield code="g">US-LCm</subfield>
         </datafield>
         <datafield tag="622" ind1=" " ind2=" ">
            <subfield code="e">Lancaster Mennonite Historical Library, and Archives, 2215 Millstream Rd., US-Lancaster, PA, 17602, Vereinigte Staaten</subfield>
         </datafield>
      </record>