
      <record>
         <leader>00000nz  a2200169   4500</leader>
         <controlfield tag="001">30002320</controlfield>
         <controlfield tag="003">RISM</controlfield>
         <controlfield tag="005">20160216</controlfield>
         <controlfield tag="008">160216n||az|||||||##########||||||||||||</controlfield>
         <datafield tag="040" ind1=" " ind2=" ">
            <subfield code="a">US-LCts</subfield>
         </datafield>
         <datafield tag="043" ind1=" " ind2=" ">
            <subfield code="c">XD-US</subfield>
         </datafield>
         <datafield tag="110" ind1="2" ind2=" ">
            <subfield code="a">Lancaster Theological Seminary of the United Church of Christ Library</subfield>
            <subfield code="c">Lancaster, PA</subfield>
            <subfield code="g">US-LCts</subfield>
         </datafield>
         <datafield tag="410" ind1="2" ind2=" ">
            <subfield code="a">Lancaster Theological Seminary of the United Church of Christ, Philip Schaff Library</subfield>
         </datafield>
         <datafield tag="410" ind1="2" ind2=" ">
            <subfield code="a">Theological Seminary of the United Church of Christ</subfield>
         </datafield>
         <datafield tag="410" ind1="2" ind2=" ">
            <subfield code="a">Theological Seminary of the Evangelical &amp; Reformed Church</subfield>
         </datafield>
         <datafield tag="622" ind1=" " ind2=" ">
            <subfield code="e">Lancaster Theological Seminary of the, United Church of Christ Library, 555 W James St., US-Lancaster, PA 17603, Vereinigte Staaten</subfield>
         </datafield>
      </record>