
      <record>
         <leader>00000nz  a2200169   4500</leader>
         <controlfield tag="001">30003182</controlfield>
         <controlfield tag="003">RISM</controlfield>
         <controlfield tag="005">20160216</controlfield>
         <controlfield tag="008">160216n||az|||||||##########||||||||||||</controlfield>
         <datafield tag="040" ind1=" " ind2=" ">
            <subfield code="a">US-LE</subfield>
         </datafield>
         <datafield tag="043" ind1=" " ind2=" ">
            <subfield code="c">XD-US</subfield>
         </datafield>
         <datafield tag="110" ind1="2" ind2=" ">
            <subfield code="a">Lenox Library Association</subfield>
            <subfield code="c">Lenox, MA</subfield>
            <subfield code="g">US-LE</subfield>
         </datafield>
         <datafield tag="622" ind1=" " ind2=" ">
            <subfield code="e">Lenox Library Association, Main St., US-Lenox, MA 01240, Vereinigte Staaten</subfield>
         </datafield>
      </record>