
      <record>
         <leader>00000nz  a2200169   4500</leader>
         <controlfield tag="001">30002324</controlfield>
         <controlfield tag="003">RISM</controlfield>
         <controlfield tag="005">20160216</controlfield>
         <controlfield tag="008">160216n||az|||||||##########||||||||||||</controlfield>
         <datafield tag="040" ind1=" " ind2=" ">
            <subfield code="a">US-LEX</subfield>
         </datafield>
         <datafield tag="043" ind1=" " ind2=" ">
            <subfield code="c">XD-US</subfield>
         </datafield>
         <datafield tag="110" ind1="2" ind2=" ">
            <subfield code="a">University of Kentucky, Margaret I. King Library</subfield>
            <subfield code="c">Lexington, KY</subfield>
            <subfield code="g">US-LEX</subfield>
         </datafield>
         <datafield tag="410" ind1="2" ind2=" ">
            <subfield code="a">University of Kentucky, Music Library</subfield>
         </datafield>
         <datafield tag="410" ind1="2" ind2=" ">
            <subfield code="a">University Library</subfield>
         </datafield>
         <datafield tag="622" ind1=" " ind2=" ">
            <subfield code="e">University of Kentucky, Margaret I., King Library, 116 Fine Arts Bldg., US-Lexington, KY, 40506, Vereinigte Staaten</subfield>
         </datafield>
      </record>