
      <record>
         <leader>00000nz  a2200169   4500</leader>
         <controlfield tag="001">30004233</controlfield>
         <controlfield tag="003">RISM</controlfield>
         <controlfield tag="005">20160216</controlfield>
         <controlfield tag="008">160216n||az|||||||##########||||||||||||</controlfield>
         <datafield tag="040" ind1=" " ind2=" ">
            <subfield code="a">US-LIhs</subfield>
         </datafield>
         <datafield tag="043" ind1=" " ind2=" ">
            <subfield code="c">XD-US</subfield>
         </datafield>
         <datafield tag="110" ind1="2" ind2=" ">
            <subfield code="a">Nebraska State Historical Society Library and State Archives</subfield>
            <subfield code="c">Lincoln, NB</subfield>
            <subfield code="g">US-LIhs</subfield>
         </datafield>
         <datafield tag="622" ind1=" " ind2=" ">
            <subfield code="e">Nebraska State Historical Society, Library and State Archives, 1500 R St., US-Lincoln, NB 68508, Vereinigte Staaten</subfield>
         </datafield>
      </record>