
      <record>
         <leader>00000nz  a2200169   4500</leader>
         <controlfield tag="001">30003183</controlfield>
         <controlfield tag="003">RISM</controlfield>
         <controlfield tag="005">20160216</controlfield>
         <controlfield tag="008">160216n||az|||||||##########||||||||||||</controlfield>
         <datafield tag="040" ind1=" " ind2=" ">
            <subfield code="a">US-LN</subfield>
         </datafield>
         <datafield tag="043" ind1=" " ind2=" ">
            <subfield code="c">XD-US</subfield>
         </datafield>
         <datafield tag="110" ind1="2" ind2=" ">
            <subfield code="a">Washington and Lee University Library</subfield>
            <subfield code="c">Lexington, VA</subfield>
            <subfield code="g">US-LN</subfield>
         </datafield>
         <datafield tag="410" ind1="2" ind2=" ">
            <subfield code="a">Washington and Lee University, Cyrus Hall McCormick Library</subfield>
         </datafield>
         <datafield tag="622" ind1=" " ind2=" ">
            <subfield code="e">Washington and Lee University Library, US-Lexington, VA 24450, Vereinigte Staaten</subfield>
         </datafield>
      </record>