
      <record>
         <leader>00000nz  a2200169   4500</leader>
         <controlfield tag="001">30002325</controlfield>
         <controlfield tag="003">RISM</controlfield>
         <controlfield tag="005">20160216</controlfield>
         <controlfield tag="008">160216n||az|||||||##########||||||||||||</controlfield>
         <datafield tag="040" ind1=" " ind2=" ">
            <subfield code="a">US-LOs</subfield>
         </datafield>
         <datafield tag="043" ind1=" " ind2=" ">
            <subfield code="c">XD-US</subfield>
         </datafield>
         <datafield tag="110" ind1="2" ind2=" ">
            <subfield code="a">Southern Baptist Theological Seminary, James P. Boyce Centennial Library</subfield>
            <subfield code="c">Louisville, KY</subfield>
            <subfield code="g">US-LOs</subfield>
         </datafield>
         <datafield tag="410" ind1="2" ind2=" ">
            <subfield code="a">Southern Baptist Theological Seminary, Church Music Library</subfield>
         </datafield>
         <datafield tag="410" ind1="2" ind2=" ">
            <subfield code="a">Southern Baptist Theological Seminary</subfield>
         </datafield>
         <datafield tag="622" ind1=" " ind2=" ">
            <subfield code="e">Southern Baptist Theological Seminary,, James P. Boyce Centennial Library, 2825 Lexington Rd., US-Louisville, KY, 40206, Vereinigte Staaten</subfield>
         </datafield>
      </record>