
      <record>
         <leader>00000nz  a2200169   4500</leader>
         <controlfield tag="001">30002326</controlfield>
         <controlfield tag="003">RISM</controlfield>
         <controlfield tag="005">20160216</controlfield>
         <controlfield tag="008">160216n||az|||||||##########||||||||||||</controlfield>
         <datafield tag="040" ind1=" " ind2=" ">
            <subfield code="a">US-LOu</subfield>
         </datafield>
         <datafield tag="043" ind1=" " ind2=" ">
            <subfield code="c">XD-US</subfield>
         </datafield>
         <datafield tag="110" ind1="2" ind2=" ">
            <subfield code="a">University of Louisville, School of Music, Library</subfield>
            <subfield code="c">Louisville, KY</subfield>
            <subfield code="g">US-LOu</subfield>
         </datafield>
         <datafield tag="410" ind1="2" ind2=" ">
            <subfield code="a">University of Louisville, Dwight Anderson Memorial Music Library</subfield>
         </datafield>
         <datafield tag="622" ind1=" " ind2=" ">
            <subfield code="e">University of Louisville, School of, Music, Library, 2301 S Third St., Louisville, KY 40292, USA</subfield>
            <subfield code="u">http://louisville.edu/library/music</subfield>
         </datafield>
      </record>