
      <record>
         <leader>00000nz  a2200169   4500</leader>
         <controlfield tag="001">30002327</controlfield>
         <controlfield tag="003">RISM</controlfield>
         <controlfield tag="005">20160216</controlfield>
         <controlfield tag="008">160216n||az|||||||##########||||||||||||</controlfield>
         <datafield tag="040" ind1=" " ind2=" ">
            <subfield code="a">US-LOW</subfield>
         </datafield>
         <datafield tag="043" ind1=" " ind2=" ">
            <subfield code="c">XD-US</subfield>
         </datafield>
         <datafield tag="110" ind1="2" ind2=" ">
            <subfield code="a">Lowell State College</subfield>
            <subfield code="c">Lowell, MA</subfield>
            <subfield code="g">US-LOW</subfield>
         </datafield>
         <datafield tag="622" ind1=" " ind2=" ">
            <subfield code="e">Lowell State College, Lowell, MA, Vereinigte Staaten</subfield>
         </datafield>
      </record>