
      <record>
         <leader>00000nz  a2200169   4500</leader>
         <controlfield tag="001">30002328</controlfield>
         <controlfield tag="003">RISM</controlfield>
         <controlfield tag="005">20160216</controlfield>
         <controlfield tag="008">160216n||az|||||||##########||||||||||||</controlfield>
         <datafield tag="040" ind1=" " ind2=" ">
            <subfield code="a">US-LT</subfield>
         </datafield>
         <datafield tag="043" ind1=" " ind2=" ">
            <subfield code="c">XD-US</subfield>
         </datafield>
         <datafield tag="110" ind1="2" ind2=" ">
            <subfield code="a">St. Vincent College Library</subfield>
            <subfield code="c">Latrobe, PA</subfield>
            <subfield code="g">US-LT</subfield>
         </datafield>
         <datafield tag="410" ind1="2" ind2=" ">
            <subfield code="a">Latimer Family Library</subfield>
         </datafield>
         <datafield tag="410" ind1="2" ind2=" ">
            <subfield code="a">St. Vincent College and Archabbey, Music Library</subfield>
         </datafield>
         <datafield tag="622" ind1=" " ind2=" ">
            <subfield code="e">St. Vincent College Library, 300 Fraser Purchase Road, Latrobe, PA 15650-2690, USA</subfield>
            <subfield code="u">https://www.stvincent.edu/latimer_library/</subfield>
         </datafield>
      </record>