
      <record>
         <leader>00000nz  a2200169   4500</leader>
         <controlfield tag="001">30002329</controlfield>
         <controlfield tag="003">RISM</controlfield>
         <controlfield tag="005">20160216</controlfield>
         <controlfield tag="008">160216n||az|||||||##########||||||||||||</controlfield>
         <datafield tag="040" ind1=" " ind2=" ">
            <subfield code="a">US-LU</subfield>
         </datafield>
         <datafield tag="043" ind1=" " ind2=" ">
            <subfield code="c">XD-US</subfield>
         </datafield>
         <datafield tag="110" ind1="2" ind2=" ">
            <subfield code="a">Lincoln University, Langston Hughes Memorial Library</subfield>
            <subfield code="c">Lincoln University, PA</subfield>
            <subfield code="g">US-LU</subfield>
         </datafield>
         <datafield tag="410" ind1="2" ind2=" ">
            <subfield code="a">Vail Memorial Library</subfield>
         </datafield>
         <datafield tag="622" ind1=" " ind2=" ">
            <subfield code="e">Lincoln University, Langston Hughes, Memorial Library, US-Lincoln University, PA 19352, Vereinigte Staaten</subfield>
         </datafield>
      </record>