
      <record>
         <leader>00000nz  a2200169   4500</leader>
         <controlfield tag="001">30004236</controlfield>
         <controlfield tag="003">RISM</controlfield>
         <controlfield tag="005">20160216</controlfield>
         <controlfield tag="008">160216n||az|||||||##########||||||||||||</controlfield>
         <datafield tag="040" ind1=" " ind2=" ">
            <subfield code="a">US-LVdickinson</subfield>
         </datafield>
         <datafield tag="043" ind1=" " ind2=" ">
            <subfield code="c">XD-US</subfield>
         </datafield>
         <datafield tag="110" ind1="2" ind2=" ">
            <subfield code="a">Mrs. June M. Dickinson, private collection</subfield>
            <subfield code="c">Livonia, NY</subfield>
            <subfield code="g">US-LVdickinson</subfield>
         </datafield>
         <datafield tag="622" ind1=" " ind2=" ">
            <subfield code="e">Mrs. June M. Dickinson, private, collection, 2904 E Lake Rd., US-Livonia, NY 14487, Vereinigte Staaten</subfield>
         </datafield>
      </record>