
      <record>
         <leader>00000nz  a2200169   4500</leader>
         <controlfield tag="001">30004238</controlfield>
         <controlfield tag="003">RISM</controlfield>
         <controlfield tag="005">20160216</controlfield>
         <controlfield tag="008">160216n||az|||||||##########||||||||||||</controlfield>
         <datafield tag="040" ind1=" " ind2=" ">
            <subfield code="a">US-LY</subfield>
         </datafield>
         <datafield tag="043" ind1=" " ind2=" ">
            <subfield code="c">XD-US</subfield>
         </datafield>
         <datafield tag="110" ind1="2" ind2=" ">
            <subfield code="a">New York Bartk Archive</subfield>
            <subfield code="c">Lynbrook, NY</subfield>
            <subfield code="g">US-LY</subfield>
         </datafield>
         <datafield tag="622" ind1=" " ind2=" ">
            <subfield code="e">New York Bartk Archive, Estate of Bel Bartk (mail address:, P.O. Box 717), US-Lynbrook, NY 11563, Vereinigte Staaten</subfield>
         </datafield>
      </record>