
      <record>
         <leader>00000nz  a2200169   4500</leader>
         <controlfield tag="001">30078972</controlfield>
         <controlfield tag="003">RISM</controlfield>
         <controlfield tag="005">20160216</controlfield>
         <controlfield tag="008">160216n||az|||||||##########||||||||||||</controlfield>
         <datafield tag="040" ind1=" " ind2=" ">
            <subfield code="a">US-MACuml</subfield>
         </datafield>
         <datafield tag="043" ind1=" " ind2=" ">
            <subfield code="c">US</subfield>
         </datafield>
         <datafield tag="110" ind1="2" ind2=" ">
            <subfield code="a">Western Illinois University - Music Library</subfield>
            <subfield code="c">Macomb, IL</subfield>
            <subfield code="g">US-MACuml</subfield>
         </datafield>
         <datafield tag="622" ind1=" " ind2=" ">
            <subfield code="e">Western Illinois University - Music,  Library, Sallee Hall 108, Macomb, IL 61455, USA</subfield>
            <subfield code="u">http://www.wiu.edu/libraries/music_library/</subfield>
         </datafield>
      </record>