
      <record>
         <leader>00000nz  a2200169   4500</leader>
         <controlfield tag="001">30005659</controlfield>
         <controlfield tag="003">RISM</controlfield>
         <controlfield tag="005">20160216</controlfield>
         <controlfield tag="008">160216n||az|||||||##########||||||||||||</controlfield>
         <datafield tag="040" ind1=" " ind2=" ">
            <subfield code="a">US-MAL</subfield>
         </datafield>
         <datafield tag="043" ind1=" " ind2=" ">
            <subfield code="c">XD-US</subfield>
         </datafield>
         <datafield tag="110" ind1="2" ind2=" ">
            <subfield code="a">J. Paul Getty Museum</subfield>
            <subfield code="c">Malibu, CA</subfield>
            <subfield code="g">US-MAL</subfield>
         </datafield>
         <datafield tag="410" ind1="2" ind2=" ">
            <subfield code="a">The Getty Research Institute - Research Library</subfield>
         </datafield>
         <datafield tag="622" ind1=" " ind2=" ">
            <subfield code="e">J. Paul Getty Museum, Library Services, 1200 Getty Center Drive, Suite 1100, Los Angeles, CA 90049-1688, USA</subfield>
            <subfield code="u">http://www.getty.edu/research/library/</subfield>
         </datafield>
      </record>