
      <record>
         <leader>00000nz  a2200169   4500</leader>
         <controlfield tag="001">30004242</controlfield>
         <controlfield tag="003">RISM</controlfield>
         <controlfield tag="005">20160216</controlfield>
         <controlfield tag="008">160216n||az|||||||##########||||||||||||</controlfield>
         <datafield tag="040" ind1=" " ind2=" ">
            <subfield code="a">US-Mc</subfield>
         </datafield>
         <datafield tag="043" ind1=" " ind2=" ">
            <subfield code="c">XD-US</subfield>
         </datafield>
         <datafield tag="110" ind1="2" ind2=" ">
            <subfield code="a">Wisconsin Conservatory of Music Library</subfield>
            <subfield code="c">Milwaukee, WI</subfield>
            <subfield code="g">US-Mc</subfield>
         </datafield>
         <datafield tag="410" ind1="2" ind2=" ">
            <subfield code="a">Wisconsin College - Conservatory of Music</subfield>
         </datafield>
         <datafield tag="622" ind1=" " ind2=" ">
            <subfield code="e">Wisconsin Conservatory of Music Library, 1584 N Prospect Ave., US-Milwaukee, WI, 53202, Vereinigte Staaten</subfield>
         </datafield>
      </record>