
      <record>
         <leader>00000nz  a2200169   4500</leader>
         <controlfield tag="001">30003184</controlfield>
         <controlfield tag="003">RISM</controlfield>
         <controlfield tag="005">20160216</controlfield>
         <controlfield tag="008">160216n||az|||||||##########||||||||||||</controlfield>
         <datafield tag="040" ind1=" " ind2=" ">
            <subfield code="a">US-ME</subfield>
         </datafield>
         <datafield tag="043" ind1=" " ind2=" ">
            <subfield code="c">XD-US</subfield>
         </datafield>
         <datafield tag="110" ind1="2" ind2=" ">
            <subfield code="a">Reis Library, Allegheny College</subfield>
            <subfield code="c">Meadville, PA</subfield>
            <subfield code="g">US-ME</subfield>
         </datafield>
         <datafield tag="410" ind1="2" ind2=" ">
            <subfield code="a">Allegheny College, Reis Memorial Library</subfield>
         </datafield>
         <datafield tag="622" ind1=" " ind2=" ">
            <subfield code="e">Reis Library, Allegheny College, US-Meadville, PA 16335, Vereinigte Staaten</subfield>
         </datafield>
      </record>