
      <record>
         <leader>00000nz  a2200169   4500</leader>
         <controlfield tag="001">30002334</controlfield>
         <controlfield tag="003">RISM</controlfield>
         <controlfield tag="005">20160216</controlfield>
         <controlfield tag="008">160216n||az|||||||##########||||||||||||</controlfield>
         <datafield tag="040" ind1=" " ind2=" ">
            <subfield code="a">US-MED</subfield>
         </datafield>
         <datafield tag="043" ind1=" " ind2=" ">
            <subfield code="c">XD-US</subfield>
         </datafield>
         <datafield tag="110" ind1="2" ind2=" ">
            <subfield code="a">Tufts University Library &lt;Medford, MA&gt;</subfield>
            <subfield code="c">Medford, MA</subfield>
            <subfield code="g">US-MED</subfield>
         </datafield>
         <datafield tag="622" ind1=" " ind2=" ">
            <subfield code="e">Tufts University Library, US-Medford, MA 02155, Vereinigte Staaten</subfield>
            <subfield code="u">http://www.library.tufts.edu/</subfield>
         </datafield>
      </record>