
      <record>
         <leader>00000nz  a2200169   4500</leader>
         <controlfield tag="001">30004239</controlfield>
         <controlfield tag="003">RISM</controlfield>
         <controlfield tag="005">20160216</controlfield>
         <controlfield tag="008">160216n||az|||||||##########||||||||||||</controlfield>
         <datafield tag="040" ind1=" " ind2=" ">
            <subfield code="a">US-MEM</subfield>
         </datafield>
         <datafield tag="043" ind1=" " ind2=" ">
            <subfield code="c">XD-US</subfield>
         </datafield>
         <datafield tag="110" ind1="2" ind2=" ">
            <subfield code="a">Memphis State University, Music Library</subfield>
            <subfield code="c">Memphis, TN</subfield>
            <subfield code="g">US-MEM</subfield>
         </datafield>
         <datafield tag="622" ind1=" " ind2=" ">
            <subfield code="e">Memphis State University, Music Library, US-Memphis, TN 38152, Vereinigte Staaten</subfield>
         </datafield>
      </record>