
      <record>
         <leader>00000nz  a2200169   4500</leader>
         <controlfield tag="001">30004244</controlfield>
         <controlfield tag="003">RISM</controlfield>
         <controlfield tag="005">20160216</controlfield>
         <controlfield tag="008">160216n||az|||||||##########||||||||||||</controlfield>
         <datafield tag="040" ind1=" " ind2=" ">
            <subfield code="a">US-MG</subfield>
         </datafield>
         <datafield tag="043" ind1=" " ind2=" ">
            <subfield code="c">XD-US</subfield>
         </datafield>
         <datafield tag="110" ind1="2" ind2=" ">
            <subfield code="a">Alabama State Department of Archives and History Library</subfield>
            <subfield code="c">Montgomery, AL</subfield>
            <subfield code="g">US-MG</subfield>
         </datafield>
         <datafield tag="622" ind1=" " ind2=" ">
            <subfield code="e">Alabama State Department of Archives, and History Library, 624 Washington Ave., US-Montgomery, AL, 36130, Vereinigte Staaten</subfield>
         </datafield>
      </record>