
      <record>
         <leader>00000nz  a2200169   4500</leader>
         <controlfield tag="001">30002336</controlfield>
         <controlfield tag="003">RISM</controlfield>
         <controlfield tag="005">20160216</controlfield>
         <controlfield tag="008">160216n||az|||||||##########||||||||||||</controlfield>
         <datafield tag="040" ind1=" " ind2=" ">
            <subfield code="a">US-MI</subfield>
         </datafield>
         <datafield tag="043" ind1=" " ind2=" ">
            <subfield code="c">XD-US</subfield>
         </datafield>
         <datafield tag="110" ind1="2" ind2=" ">
            <subfield code="a">Wesleyan University, Music Library</subfield>
            <subfield code="c">Middletown, CT</subfield>
            <subfield code="g">US-MI</subfield>
         </datafield>
         <datafield tag="410" ind1="2" ind2=" ">
            <subfield code="a">Wesleyan University, Olin Memorial Library</subfield>
         </datafield>
         <datafield tag="410" ind1="2" ind2=" ">
            <subfield code="a">Wesleyan University Library</subfield>
         </datafield>
         <datafield tag="410" ind1="2" ind2=" ">
            <subfield code="a">Olin Library, Wesleyan University</subfield>
         </datafield>
         <datafield tag="622" ind1=" " ind2=" ">
            <subfield code="e">Wesleyan University, Music Library, Center for the Arts, US-Middletown, CT, 06457, Vereinigte Staaten</subfield>
         </datafield>
      </record>