
      <record>
         <leader>00000nz  a2200169   4500</leader>
         <controlfield tag="001">30004243</controlfield>
         <controlfield tag="003">RISM</controlfield>
         <controlfield tag="005">20160216</controlfield>
         <controlfield tag="008">160216n||az|||||||##########||||||||||||</controlfield>
         <datafield tag="040" ind1=" " ind2=" ">
            <subfield code="a">US-MOB</subfield>
         </datafield>
         <datafield tag="043" ind1=" " ind2=" ">
            <subfield code="c">XD-US</subfield>
         </datafield>
         <datafield tag="110" ind1="2" ind2=" ">
            <subfield code="a">Spring Hill College, Thomas Byrne Memorial Library</subfield>
            <subfield code="c">Mobile, AK</subfield>
            <subfield code="g">US-MOB</subfield>
         </datafield>
         <datafield tag="622" ind1=" " ind2=" ">
            <subfield code="e">Spring Hill College, Thomas Byrne, Memorial Library, US-Mobile, AL 36608, Vereinigte Staaten</subfield>
         </datafield>
      </record>