
      <record>
         <leader>00000nz  a2200169   4500</leader>
         <controlfield tag="001">30000300</controlfield>
         <controlfield tag="003">RISM</controlfield>
         <controlfield tag="005">20160216</controlfield>
         <controlfield tag="008">160216n||az|||||||##########||||||||||||</controlfield>
         <datafield tag="040" ind1=" " ind2=" ">
            <subfield code="a">US-MOhs</subfield>
         </datafield>
         <datafield tag="043" ind1=" " ind2=" ">
            <subfield code="c">XD-US</subfield>
         </datafield>
         <datafield tag="110" ind1="2" ind2=" ">
            <subfield code="a">Vermont Historical Society Library</subfield>
            <subfield code="c">Montpelier, VT</subfield>
            <subfield code="g">US-MOhs</subfield>
         </datafield>
         <datafield tag="622" ind1=" " ind2=" ">
            <subfield code="e">Vermont Historical Society Library, Pavillon Bldg., Montpelier, VT 05602, USA</subfield>
            <subfield code="u">http://www.vermonthistory.org/</subfield>
         </datafield>
      </record>