
      <record>
         <leader>00000nz  a2200169   4500</leader>
         <controlfield tag="001">30080313</controlfield>
         <controlfield tag="003">RISM</controlfield>
         <controlfield tag="005">20160216</controlfield>
         <controlfield tag="008">160216n||az|||||||##########||||||||||||</controlfield>
         <datafield tag="040" ind1=" " ind2=" ">
            <subfield code="a">US-MORel</subfield>
         </datafield>
         <datafield tag="043" ind1=" " ind2=" ">
            <subfield code="c">XD-US</subfield>
         </datafield>
         <datafield tag="110" ind1="2" ind2=" ">
            <subfield code="a">West Virginia University, Evansdale Library</subfield>
            <subfield code="c">Morgantown, WV</subfield>
            <subfield code="g">US-MORel</subfield>
         </datafield>
         <datafield tag="622" ind1=" " ind2=" ">
            <subfield code="e">West Virginia University, Evansdale,  Library, 3 Evansdale Dr., P.O. Box 6105, Morgantown, WV 26506-6105, USA</subfield>
            <subfield code="u">https://lib.wvu.edu/evansdale/</subfield>
         </datafield>
      </record>