
      <record>
         <leader>00000nz  a2200169   4500</leader>
         <controlfield tag="001">30002338</controlfield>
         <controlfield tag="003">RISM</controlfield>
         <controlfield tag="005">20160216</controlfield>
         <controlfield tag="008">160216n||az|||||||##########||||||||||||</controlfield>
         <datafield tag="040" ind1=" " ind2=" ">
            <subfield code="a">US-MSp</subfield>
         </datafield>
         <datafield tag="043" ind1=" " ind2=" ">
            <subfield code="c">XD-US</subfield>
         </datafield>
         <datafield tag="110" ind1="2" ind2=" ">
            <subfield code="a">Minneapolis Public Library</subfield>
            <subfield code="c">Minneapolis, MN</subfield>
            <subfield code="g">US-MSp</subfield>
         </datafield>
         <datafield tag="410" ind1="2" ind2=" ">
            <subfield code="a">Minneapolis Public Library and Information Center, Art, Music and Films Department</subfield>
         </datafield>
         <datafield tag="410" ind1="2" ind2=" ">
            <subfield code="a">Public Library</subfield>
         </datafield>
         <datafield tag="622" ind1=" " ind2=" ">
            <subfield code="e">Minneapolis Public Library, 300 Nicollet Mall, US-Minneapolis, MN, 54401, Vereinigte Staaten</subfield>
         </datafield>
      </record>