
      <record>
         <leader>00000nz  a2200169   4500</leader>
         <controlfield tag="001">30002339</controlfield>
         <controlfield tag="003">RISM</controlfield>
         <controlfield tag="005">20160216</controlfield>
         <controlfield tag="008">160216n||az|||||||##########||||||||||||</controlfield>
         <datafield tag="040" ind1=" " ind2=" ">
            <subfield code="a">US-MSu</subfield>
         </datafield>
         <datafield tag="043" ind1=" " ind2=" ">
            <subfield code="c">XD-US</subfield>
         </datafield>
         <datafield tag="110" ind1="2" ind2=" ">
            <subfield code="a">University of Minnesota, Music Library</subfield>
            <subfield code="c">Minneapolis, MN</subfield>
            <subfield code="g">US-MSu</subfield>
         </datafield>
         <datafield tag="410" ind1="2" ind2=" ">
            <subfield code="a">University of Minnesota</subfield>
         </datafield>
         <datafield tag="622" ind1=" " ind2=" ">
            <subfield code="e">University of Minnesota, Music Library, 103 Walter Library, US-Minneapolis, MN, 55455, Vereinigte Staaten</subfield>
         </datafield>
      </record>