
      <record>
         <leader>00000nz  a2200169   4500</leader>
         <controlfield tag="001">30002340</controlfield>
         <controlfield tag="003">RISM</controlfield>
         <controlfield tag="005">20160216</controlfield>
         <controlfield tag="008">160216n||az|||||||##########||||||||||||</controlfield>
         <datafield tag="040" ind1=" " ind2=" ">
            <subfield code="a">US-MT</subfield>
         </datafield>
         <datafield tag="043" ind1=" " ind2=" ">
            <subfield code="c">XD-US</subfield>
         </datafield>
         <datafield tag="110" ind1="2" ind2=" ">
            <subfield code="a">National Historical Park Museum</subfield>
            <subfield code="c">Morristown, NJ</subfield>
            <subfield code="g">US-MT</subfield>
         </datafield>
         <datafield tag="410" ind1="2" ind2=" ">
            <subfield code="a">Morristown National Historical Park Museum and Library</subfield>
         </datafield>
         <datafield tag="622" ind1=" " ind2=" ">
            <subfield code="e">National Historical Park Museum, U.S. National Park Service, Box 759, US, -Morristown, NJ 07960, Vereinigte Staaten</subfield>
         </datafield>
      </record>