
      <record>
         <leader>00000nz  a2200169   4500</leader>
         <controlfield tag="001">30003185</controlfield>
         <controlfield tag="003">RISM</controlfield>
         <controlfield tag="005">20160216</controlfield>
         <controlfield tag="008">160216n||az|||||||##########||||||||||||</controlfield>
         <datafield tag="040" ind1=" " ind2=" ">
            <subfield code="a">US-MU</subfield>
         </datafield>
         <datafield tag="043" ind1=" " ind2=" ">
            <subfield code="c">XD-US</subfield>
         </datafield>
         <datafield tag="110" ind1="2" ind2=" ">
            <subfield code="a">Ball State Teachers College, Bracken Library</subfield>
            <subfield code="c">Muncie, IN</subfield>
            <subfield code="g">US-MU</subfield>
         </datafield>
         <datafield tag="410" ind1="2" ind2=" ">
            <subfield code="a">Ball State University, Bracken Library, Department of Library Science</subfield>
         </datafield>
         <datafield tag="410" ind1="2" ind2=" ">
            <subfield code="a">Ball State Teachers College Library</subfield>
         </datafield>
         <datafield tag="622" ind1=" " ind2=" ">
            <subfield code="e">Ball State Teachers College, Bracken, Library, US-Muncie, IN 47306, Vereinigte Staaten</subfield>
         </datafield>
      </record>