
      <record>
         <leader>00000nz  a2200169   4500</leader>
         <controlfield tag="001">30004241</controlfield>
         <controlfield tag="003">RISM</controlfield>
         <controlfield tag="005">20160216</controlfield>
         <controlfield tag="008">160216n||az|||||||##########||||||||||||</controlfield>
         <datafield tag="040" ind1=" " ind2=" ">
            <subfield code="a">US-Mu</subfield>
         </datafield>
         <datafield tag="043" ind1=" " ind2=" ">
            <subfield code="c">XD-US</subfield>
         </datafield>
         <datafield tag="110" ind1="2" ind2=" ">
            <subfield code="a">Marquette University Memorial Library, Special Collections</subfield>
            <subfield code="c">Milwaukee, WI</subfield>
            <subfield code="g">US-Mu</subfield>
         </datafield>
         <datafield tag="622" ind1=" " ind2=" ">
            <subfield code="e">Marquette University Memorial Library,, Special Collections, 1415 W Wisconsin Ave., US-Milwaukee, WI, 53233, Vereinigte Staaten</subfield>
         </datafield>
      </record>