
      <record>
         <leader>00000nz  a2200169   4500</leader>
         <controlfield tag="001">30002341</controlfield>
         <controlfield tag="003">RISM</controlfield>
         <controlfield tag="005">20160216</controlfield>
         <controlfield tag="008">160216n||az|||||||##########||||||||||||</controlfield>
         <datafield tag="040" ind1=" " ind2=" ">
            <subfield code="a">US-MV</subfield>
         </datafield>
         <datafield tag="043" ind1=" " ind2=" ">
            <subfield code="c">XD-US</subfield>
         </datafield>
         <datafield tag="110" ind1="2" ind2=" ">
            <subfield code="a">Mount Vernon Ladies' Association of the Union Collection</subfield>
            <subfield code="c">Mount Vernon, VA</subfield>
            <subfield code="g">US-MV</subfield>
         </datafield>
         <datafield tag="410" ind1="2" ind2=" ">
            <subfield code="a">Mount Vernon Ladies' Association of the Union, Research and Reference Library</subfield>
         </datafield>
         <datafield tag="622" ind1=" " ind2=" ">
            <subfield code="e">Mount Vernon Ladies' Association of the, Union Collection, US-Mount Vernon, VA 22121, Vereinigte Staaten</subfield>
         </datafield>
      </record>