
      <record>
         <leader>00000nz  a2200169   4500</leader>
         <controlfield tag="001">30004245</controlfield>
         <controlfield tag="003">RISM</controlfield>
         <controlfield tag="005">20160216</controlfield>
         <controlfield tag="008">160216n||az|||||||##########||||||||||||</controlfield>
         <datafield tag="040" ind1=" " ind2=" ">
            <subfield code="a">US-NAcm</subfield>
         </datafield>
         <datafield tag="043" ind1=" " ind2=" ">
            <subfield code="c">XD-US</subfield>
         </datafield>
         <datafield tag="110" ind1="2" ind2=" ">
            <subfield code="a">Country Music Foundation Library and Media Center</subfield>
            <subfield code="c">Nashville, TN</subfield>
            <subfield code="g">US-NAcm</subfield>
         </datafield>
         <datafield tag="622" ind1=" " ind2=" ">
            <subfield code="e">Country Music Foundation Library and, Media Center, 4 Music Square E, US-Nashville, TN 37203, Vereinigte Staaten</subfield>
         </datafield>
      </record>