
      <record>
         <leader>00000nz  a2200169   4500</leader>
         <controlfield tag="001">30002344</controlfield>
         <controlfield tag="003">RISM</controlfield>
         <controlfield tag="005">20160216</controlfield>
         <controlfield tag="008">160216n||az|||||||##########||||||||||||</controlfield>
         <datafield tag="040" ind1=" " ind2=" ">
            <subfield code="a">US-NAs</subfield>
         </datafield>
         <datafield tag="043" ind1=" " ind2=" ">
            <subfield code="c">XD-US</subfield>
         </datafield>
         <datafield tag="110" ind1="2" ind2=" ">
            <subfield code="a">Tennessee State Library and Archives</subfield>
            <subfield code="c">Nashville, TN</subfield>
            <subfield code="g">US-NAs</subfield>
         </datafield>
         <datafield tag="622" ind1=" " ind2=" ">
            <subfield code="e">Tennessee State Library and Archives, 403 Seventh Ave., N, US-Nashville, TN, 37219, Vereinigte Staaten</subfield>
         </datafield>
      </record>