
      <record>
         <leader>00000nz  a2200169   4500</leader>
         <controlfield tag="001">30002345</controlfield>
         <controlfield tag="003">RISM</controlfield>
         <controlfield tag="005">20160216</controlfield>
         <controlfield tag="008">160216n||az|||||||##########||||||||||||</controlfield>
         <datafield tag="040" ind1=" " ind2=" ">
            <subfield code="a">US-NAu</subfield>
         </datafield>
         <datafield tag="043" ind1=" " ind2=" ">
            <subfield code="c">XD-US</subfield>
         </datafield>
         <datafield tag="110" ind1="2" ind2=" ">
            <subfield code="a">Vanderbilt University Library</subfield>
            <subfield code="c">Nashville, TN</subfield>
            <subfield code="g">US-NAu</subfield>
         </datafield>
         <datafield tag="410" ind1="2" ind2=" ">
            <subfield code="a">Joint University Libraries</subfield>
         </datafield>
         <datafield tag="622" ind1=" " ind2=" ">
            <subfield code="e">Vanderbilt University Library, US-Nashville, TN 38203, Vereinigte Staaten</subfield>
         </datafield>
      </record>