
      <record>
         <leader>00000nz  a2200169   4500</leader>
         <controlfield tag="001">30002346</controlfield>
         <controlfield tag="003">RISM</controlfield>
         <controlfield tag="005">20160216</controlfield>
         <controlfield tag="008">160216n||az|||||||##########||||||||||||</controlfield>
         <datafield tag="040" ind1=" " ind2=" ">
            <subfield code="a">US-NAZ</subfield>
         </datafield>
         <datafield tag="043" ind1=" " ind2=" ">
            <subfield code="c">XD-US</subfield>
         </datafield>
         <datafield tag="110" ind1="2" ind2=" ">
            <subfield code="a">Moravian Historical Society, Library and Museum</subfield>
            <subfield code="c">Nazareth, PA</subfield>
            <subfield code="g">US-NAZ</subfield>
         </datafield>
         <datafield tag="410" ind1="2" ind2=" ">
            <subfield code="a">Moravian Historical Society, Inc., Library-Museum</subfield>
         </datafield>
         <datafield tag="410" ind1="2" ind2=" ">
            <subfield code="a">Moravian Historical Society</subfield>
         </datafield>
         <datafield tag="622" ind1=" " ind2=" ">
            <subfield code="e">Moravian Historical Society, Library, and Museum, Whitefield House, 214 E Center St., US, -Nazareth, PA 18064, Vereinigte Staaten</subfield>
         </datafield>
      </record>