
      <record>
         <leader>00000nz  a2200169   4500</leader>
         <controlfield tag="001">30002347</controlfield>
         <controlfield tag="003">RISM</controlfield>
         <controlfield tag="005">20160216</controlfield>
         <controlfield tag="008">160216n||az|||||||##########||||||||||||</controlfield>
         <datafield tag="040" ind1=" " ind2=" ">
            <subfield code="a">US-NBs</subfield>
         </datafield>
         <datafield tag="043" ind1=" " ind2=" ">
            <subfield code="c">XD-US</subfield>
         </datafield>
         <datafield tag="110" ind1="2" ind2=" ">
            <subfield code="a">New Brunswick Theological Seminary, Gardner A. Sage Library</subfield>
            <subfield code="c">New Brunswick, NJ</subfield>
            <subfield code="g">US-NBs</subfield>
         </datafield>
         <datafield tag="410" ind1="2" ind2=" ">
            <subfield code="a">Theological Seminary, Gardner A. Sage Library</subfield>
         </datafield>
         <datafield tag="410" ind1="2" ind2=" ">
            <subfield code="a">Theological Seminary</subfield>
         </datafield>
         <datafield tag="622" ind1=" " ind2=" ">
            <subfield code="e">New Brunswick Theological Seminary,, Gardner A. Sage Library, Seminary Pl., US-New Brunswick, NJ 08901, Vereinigte Staaten</subfield>
         </datafield>
      </record>