
      <record>
         <leader>00000nz  a2200169   4500</leader>
         <controlfield tag="001">30000316</controlfield>
         <controlfield tag="003">RISM</controlfield>
         <controlfield tag="005">20160216</controlfield>
         <controlfield tag="008">160216n||az|||||||##########||||||||||||</controlfield>
         <datafield tag="040" ind1=" " ind2=" ">
            <subfield code="a">US-NBu</subfield>
         </datafield>
         <datafield tag="043" ind1=" " ind2=" ">
            <subfield code="c">XD-US</subfield>
         </datafield>
         <datafield tag="110" ind1="2" ind2=" ">
            <subfield code="a">Rutgers - The State University of New Jersey, Blanche and Irving Laurie Music Library, Mabel Smith Douglass Library</subfield>
            <subfield code="c">New Brunswick, NJ</subfield>
            <subfield code="g">US-NBu</subfield>
         </datafield>
         <datafield tag="622" ind1=" " ind2=" ">
            <subfield code="e">Rutgers - The State University of New,  Jersey, Blanche and Irving Laurie Music,  Library, Mabel Smith Douglass Library, 8 Chapel Drive, New Brunswick, NJ 08901-8527, USA</subfield>
            <subfield code="u">http://www.libraries.rutgers.edu/</subfield>
         </datafield>
      </record>