
      <record>
         <leader>00000nz  a2200169   4500</leader>
         <controlfield tag="001">30004263</controlfield>
         <controlfield tag="003">RISM</controlfield>
         <controlfield tag="005">20160216</controlfield>
         <controlfield tag="008">160216n||az|||||||##########||||||||||||</controlfield>
         <datafield tag="040" ind1=" " ind2=" ">
            <subfield code="a">US-NC</subfield>
         </datafield>
         <datafield tag="043" ind1=" " ind2=" ">
            <subfield code="c">XD-US</subfield>
         </datafield>
         <datafield tag="110" ind1="2" ind2=" ">
            <subfield code="a">Andover Newton Theological School, Franklin Trask Library</subfield>
            <subfield code="c">Newton Centre, MA</subfield>
            <subfield code="g">US-NC</subfield>
         </datafield>
         <datafield tag="410" ind1="2" ind2=" ">
            <subfield code="a">Andover-Newton Theological School</subfield>
         </datafield>
         <datafield tag="622" ind1=" " ind2=" ">
            <subfield code="e">Andover Newton Theological School,, Franklin Trask Library, 169 Herrick Rd., US-Newton Centre, MA, 02159, Vereinigte Staaten</subfield>
         </datafield>
      </record>