
      <record>
         <leader>00000nz  a2200169   4500</leader>
         <controlfield tag="001">30006654</controlfield>
         <controlfield tag="003">RISM</controlfield>
         <controlfield tag="005">20160216</controlfield>
         <controlfield tag="008">160216n||az|||||||##########||||||||||||</controlfield>
         <datafield tag="040" ind1=" " ind2=" ">
            <subfield code="a">US-NDu</subfield>
         </datafield>
         <datafield tag="043" ind1=" " ind2=" ">
            <subfield code="c">XD-US</subfield>
         </datafield>
         <datafield tag="110" ind1="2" ind2=" ">
            <subfield code="a">University of Notre Dame &lt;Munter und krftig&gt;</subfield>
            <subfield code="c">Notre Dame, IN</subfield>
            <subfield code="g">US-NDu</subfield>
         </datafield>
         <datafield tag="622" ind1=" " ind2=" ">
            <subfield code="e">University of Notre Dame &lt;Munter und, krftig&gt;, Notre Dame, Indiana 46556, Vereinigte Staaten</subfield>
         </datafield>
      </record>