
      <record>
         <leader>00000nz  a2200169   4500</leader>
         <controlfield tag="001">30002348</controlfield>
         <controlfield tag="003">RISM</controlfield>
         <controlfield tag="005">20160216</controlfield>
         <controlfield tag="008">160216n||az|||||||##########||||||||||||</controlfield>
         <datafield tag="040" ind1=" " ind2=" ">
            <subfield code="a">US-NEhs</subfield>
         </datafield>
         <datafield tag="043" ind1=" " ind2=" ">
            <subfield code="c">XD-US</subfield>
         </datafield>
         <datafield tag="110" ind1="2" ind2=" ">
            <subfield code="a">New Jersey Historical Society</subfield>
            <subfield code="c">Newark, NJ</subfield>
            <subfield code="g">US-NEhs</subfield>
         </datafield>
         <datafield tag="622" ind1=" " ind2=" ">
            <subfield code="e">New Jersey Historical Society, Newark, NJ, Vereinigte Staaten</subfield>
         </datafield>
      </record>