
      <record>
         <leader>00000nz  a2200169   4500</leader>
         <controlfield tag="001">30004262</controlfield>
         <controlfield tag="003">RISM</controlfield>
         <controlfield tag="005">20160216</controlfield>
         <controlfield tag="008">160216n||az|||||||##########||||||||||||</controlfield>
         <datafield tag="040" ind1=" " ind2=" ">
            <subfield code="a">US-NEij</subfield>
         </datafield>
         <datafield tag="043" ind1=" " ind2=" ">
            <subfield code="c">XD-US</subfield>
         </datafield>
         <datafield tag="110" ind1="2" ind2=" ">
            <subfield code="a">Rutgers-The State University of New Jersey, Rutgers Institute of Jazz Studies Library</subfield>
            <subfield code="c">Newark, NJ</subfield>
            <subfield code="g">US-NEij</subfield>
         </datafield>
         <datafield tag="622" ind1=" " ind2=" ">
            <subfield code="e">Rutgers-The State University of New, Jersey, Rutgers Institute of Jazz, Studies Library, Bradley Hall, University Ave., US, -Newark, NJ 07102, Vereinigte Staaten</subfield>
         </datafield>
      </record>