
      <record>
         <leader>00000nz  a2200169   4500</leader>
         <controlfield tag="001">30003186</controlfield>
         <controlfield tag="003">RISM</controlfield>
         <controlfield tag="005">20160216</controlfield>
         <controlfield tag="008">160216n||az|||||||##########||||||||||||</controlfield>
         <datafield tag="040" ind1=" " ind2=" ">
            <subfield code="a">US-NEm</subfield>
         </datafield>
         <datafield tag="043" ind1=" " ind2=" ">
            <subfield code="c">XD-US</subfield>
         </datafield>
         <datafield tag="110" ind1="2" ind2=" ">
            <subfield code="a">Newark Museum</subfield>
            <subfield code="c">Newark, NJ</subfield>
            <subfield code="g">US-NEm</subfield>
         </datafield>
         <datafield tag="410" ind1="2" ind2=" ">
            <subfield code="a">Newark Museum Library</subfield>
         </datafield>
         <datafield tag="622" ind1=" " ind2=" ">
            <subfield code="e">Newark Museum, 43-49 Washington St., US-Newark, NJ, 07101, Vereinigte Staaten</subfield>
         </datafield>
      </record>