
      <record>
         <leader>00000nz  a2200169   4500</leader>
         <controlfield tag="001">30002342</controlfield>
         <controlfield tag="003">RISM</controlfield>
         <controlfield tag="005">20160216</controlfield>
         <controlfield tag="008">160216n||az|||||||##########||||||||||||</controlfield>
         <datafield tag="040" ind1=" " ind2=" ">
            <subfield code="a">US-Nf</subfield>
         </datafield>
         <datafield tag="043" ind1=" " ind2=" ">
            <subfield code="c">XD-US</subfield>
         </datafield>
         <datafield tag="110" ind1="2" ind2=" ">
            <subfield code="a">Forbes Library &lt;Northampton, MA&gt;</subfield>
            <subfield code="c">Northampton, MA</subfield>
            <subfield code="g">US-Nf</subfield>
         </datafield>
         <datafield tag="410" ind1="2" ind2=" ">
            <subfield code="a">Forbes Library, Art and Music Department</subfield>
         </datafield>
         <datafield tag="622" ind1=" " ind2=" ">
            <subfield code="e">Forbes Library, 20 West St., US-Northampton, MA 01060, Vereinigte Staaten</subfield>
            <subfield code="u">http://www.forbeslibrary.org</subfield>
         </datafield>
      </record>