
      <record>
         <leader>00000nz  a2200169   4500</leader>
         <controlfield tag="001">30004264</controlfield>
         <controlfield tag="003">RISM</controlfield>
         <controlfield tag="005">20160216</controlfield>
         <controlfield tag="008">160216n||az|||||||##########||||||||||||</controlfield>
         <datafield tag="040" ind1=" " ind2=" ">
            <subfield code="a">US-NFp</subfield>
         </datafield>
         <datafield tag="043" ind1=" " ind2=" ">
            <subfield code="c">XD-US</subfield>
         </datafield>
         <datafield tag="110" ind1="2" ind2=" ">
            <subfield code="a">Norfolk Public Library, Feldman Fine Arts and Audio-Visual Department</subfield>
            <subfield code="c">Norfolk, VA</subfield>
            <subfield code="g">US-NFp</subfield>
         </datafield>
         <datafield tag="622" ind1=" " ind2=" ">
            <subfield code="e">Norfolk Public Library, Feldman Fine, Arts and Audio-Visual Department, 301 E City Hall Ave., US-Norfolk, VA, 23510, Vereinigte Staaten</subfield>
         </datafield>
      </record>