
      <record>
         <leader>00000nz  a2200169   4500</leader>
         <controlfield tag="001">30002351</controlfield>
         <controlfield tag="003">RISM</controlfield>
         <controlfield tag="005">20160216</controlfield>
         <controlfield tag="008">160216n||az|||||||##########||||||||||||</controlfield>
         <datafield tag="040" ind1=" " ind2=" ">
            <subfield code="a">US-NH</subfield>
         </datafield>
         <datafield tag="043" ind1=" " ind2=" ">
            <subfield code="c">XD-US</subfield>
         </datafield>
         <datafield tag="110" ind1="2" ind2=" ">
            <subfield code="a">Yale University, Music Library</subfield>
            <subfield code="c">New Haven, CT</subfield>
            <subfield code="g">US-NH</subfield>
         </datafield>
         <datafield tag="410" ind1="2" ind2=" ">
            <subfield code="a">Yale University, John Herrick Jackson Music Library</subfield>
         </datafield>
         <datafield tag="410" ind1="2" ind2=" ">
            <subfield code="a">Yale University, School of Music Library</subfield>
         </datafield>
         <datafield tag="622" ind1=" " ind2=" ">
            <subfield code="e">Yale University, Music Library, 120 High Street, New Haven, CT 06520-8240, USA</subfield>
            <subfield code="u">http://www.library.yale.edu/musiclib/</subfield>
         </datafield>
         <datafield tag="710" ind1="2" ind2=" ">
            <subfield code="a">Curt von Faber du Four Collection</subfield>
            <subfield code="0">30075946</subfield>
         </datafield>
      </record>