
      <record>
         <leader>00000nz  a2200169   4500</leader>
         <controlfield tag="001">30005903</controlfield>
         <controlfield tag="003">RISM</controlfield>
         <controlfield tag="005">20160216</controlfield>
         <controlfield tag="008">160216n||az|||||||##########||||||||||||</controlfield>
         <datafield tag="040" ind1=" " ind2=" ">
            <subfield code="a">US-NHba</subfield>
         </datafield>
         <datafield tag="043" ind1=" " ind2=" ">
            <subfield code="c">XD-US</subfield>
         </datafield>
         <datafield tag="110" ind1="2" ind2=" ">
            <subfield code="a">Yale University, Yale Center for British Art, Department of Prints, Drawings and Rare Books</subfield>
            <subfield code="c">New Haven, CT</subfield>
            <subfield code="g">US-NHba</subfield>
         </datafield>
         <datafield tag="622" ind1=" " ind2=" ">
            <subfield code="e">Yale University, Yale Center for, British Art, Department of Prints,, Drawings and Rare Books, 1080 Chapel Street, US-New Haven, CT, 06520-8280, Vereinigte Staaten</subfield>
         </datafield>
      </record>