
      <record>
         <leader>00000nz  a2200169   4500</leader>
         <controlfield tag="001">30003156</controlfield>
         <controlfield tag="003">RISM</controlfield>
         <controlfield tag="005">20160216</controlfield>
         <controlfield tag="008">160216n||az|||||||##########||||||||||||</controlfield>
         <datafield tag="040" ind1=" " ind2=" ">
            <subfield code="a">US-NHub</subfield>
         </datafield>
         <datafield tag="043" ind1=" " ind2=" ">
            <subfield code="c">XD-US</subfield>
         </datafield>
         <datafield tag="110" ind1="2" ind2=" ">
            <subfield code="a">Yale University, Beinecke Rare Book and Manuscript Library</subfield>
            <subfield code="c">New Haven, CT</subfield>
            <subfield code="g">US-NHub</subfield>
         </datafield>
         <datafield tag="622" ind1=" " ind2=" ">
            <subfield code="e">Yale University, Beinecke Rare Book and, Manuscript Library, 121 Wall Street, New Haven, CT 06511, USA</subfield>
            <subfield code="u">http://www.library.yale.edu/beinecke/</subfield>
         </datafield>
      </record>