
      <record>
         <leader>00000nz  a2200169   4500</leader>
         <controlfield tag="001">30002354</controlfield>
         <controlfield tag="003">RISM</controlfield>
         <controlfield tag="005">20160216</controlfield>
         <controlfield tag="008">160216n||az|||||||##########||||||||||||</controlfield>
         <datafield tag="040" ind1=" " ind2=" ">
            <subfield code="a">US-NN</subfield>
         </datafield>
         <datafield tag="043" ind1=" " ind2=" ">
            <subfield code="c">XD-US</subfield>
         </datafield>
         <datafield tag="110" ind1="2" ind2=" ">
            <subfield code="a">Mennonite Historical Library, Bethel College</subfield>
            <subfield code="c">North Newton, KS</subfield>
            <subfield code="g">US-NN</subfield>
         </datafield>
         <datafield tag="410" ind1="2" ind2=" ">
            <subfield code="a">Bethel College Library, Dunkleberger Music Library</subfield>
         </datafield>
         <datafield tag="410" ind1="2" ind2=" ">
            <subfield code="a">Mennonite Library and Archives</subfield>
         </datafield>
         <datafield tag="622" ind1=" " ind2=" ">
            <subfield code="e">Mennonite Historical Library, Bethel, College, US-North Newton, KS 67117, Vereinigte Staaten</subfield>
         </datafield>
      </record>