
      <record>
         <leader>00000nz  a2200169   4500</leader>
         <controlfield tag="001">30002352</controlfield>
         <controlfield tag="003">RISM</controlfield>
         <controlfield tag="005">20160216</controlfield>
         <controlfield tag="008">160216n||az|||||||##########||||||||||||</controlfield>
         <datafield tag="040" ind1=" " ind2=" ">
            <subfield code="a">US-NO</subfield>
         </datafield>
         <datafield tag="043" ind1=" " ind2=" ">
            <subfield code="c">XD-US</subfield>
         </datafield>
         <datafield tag="110" ind1="2" ind2=" ">
            <subfield code="a">Illinois State University, Milner Library, Humanities/Fine Arts Division</subfield>
            <subfield code="c">Normal, IL</subfield>
            <subfield code="g">US-NO</subfield>
         </datafield>
         <datafield tag="410" ind1="2" ind2=" ">
            <subfield code="a">Illinois State University</subfield>
         </datafield>
         <datafield tag="410" ind1="2" ind2=" ">
            <subfield code="a">Illinois State University, Milner Library</subfield>
         </datafield>
         <datafield tag="622" ind1=" " ind2=" ">
            <subfield code="e">Illinois State University, Milner, Library, Humanities/Fine Arts Division, Normal, IL, Vereinigte Staaten</subfield>
         </datafield>
      </record>