
      <record>
         <leader>00000nz  a2200169   4500</leader>
         <controlfield tag="001">30004248</controlfield>
         <controlfield tag="003">RISM</controlfield>
         <controlfield tag="005">20160216</controlfield>
         <controlfield tag="008">160216n||az|||||||##########||||||||||||</controlfield>
         <datafield tag="040" ind1=" " ind2=" ">
            <subfield code="a">US-NORhc</subfield>
         </datafield>
         <datafield tag="043" ind1=" " ind2=" ">
            <subfield code="c">XD-US</subfield>
         </datafield>
         <datafield tag="110" ind1="2" ind2=" ">
            <subfield code="a">Historic New Orleans Collection, The Kemper and Leila Williams Foundation, Archives Division</subfield>
            <subfield code="c">New Orleans, LA</subfield>
            <subfield code="g">US-NORhc</subfield>
         </datafield>
         <datafield tag="622" ind1=" " ind2=" ">
            <subfield code="e">Historic New Orleans Collection, The, Kemper and Leila Williams Foundation,, Archives Division, 533 Royal St., US-New Orleans, LA 70130, Vereinigte Staaten</subfield>
         </datafield>
      </record>