
      <record>
         <leader>00000nz  a2200169   4500</leader>
         <controlfield tag="001">30004249</controlfield>
         <controlfield tag="003">RISM</controlfield>
         <controlfield tag="005">20160216</controlfield>
         <controlfield tag="008">160216n||az|||||||##########||||||||||||</controlfield>
         <datafield tag="040" ind1=" " ind2=" ">
            <subfield code="a">US-NORsm</subfield>
         </datafield>
         <datafield tag="043" ind1=" " ind2=" ">
            <subfield code="c">XD-US</subfield>
         </datafield>
         <datafield tag="110" ind1="2" ind2=" ">
            <subfield code="a">Louisiana State Museum Library</subfield>
            <subfield code="c">New Orleans, LA</subfield>
            <subfield code="g">US-NORsm</subfield>
         </datafield>
         <datafield tag="622" ind1=" " ind2=" ">
            <subfield code="e">Louisiana State Museum Library, 751 Chartres St., US-New Orleans, LA, 70116, Vereinigte Staaten</subfield>
         </datafield>
      </record>