
      <record>
         <leader>00000nz  a2200169   4500</leader>
         <controlfield tag="001">30002356</controlfield>
         <controlfield tag="003">RISM</controlfield>
         <controlfield tag="005">20160216</controlfield>
         <controlfield tag="008">160216n||az|||||||##########||||||||||||</controlfield>
         <datafield tag="040" ind1=" " ind2=" ">
            <subfield code="a">US-NORts</subfield>
         </datafield>
         <datafield tag="043" ind1=" " ind2=" ">
            <subfield code="c">XD-US</subfield>
         </datafield>
         <datafield tag="110" ind1="2" ind2=" ">
            <subfield code="a">New Orleans Baptist Theological Seminary Library</subfield>
            <subfield code="c">New Orleans, LA</subfield>
            <subfield code="g">US-NORts</subfield>
         </datafield>
         <datafield tag="410" ind1="2" ind2=" ">
            <subfield code="a">New Orleans Baptist Theological Seminary, Martin Music Library</subfield>
         </datafield>
         <datafield tag="410" ind1="2" ind2=" ">
            <subfield code="a">Theological Seminary</subfield>
         </datafield>
         <datafield tag="622" ind1=" " ind2=" ">
            <subfield code="e">New Orleans Baptist Theological, Seminary Library, 4110 Seminary Pl., US-New Orleans, LA, 70126, Vereinigte Staaten</subfield>
         </datafield>
      </record>