
      <record>
         <leader>00000nz  a2200169   4500</leader>
         <controlfield tag="001">30002357</controlfield>
         <controlfield tag="003">RISM</controlfield>
         <controlfield tag="005">20160216</controlfield>
         <controlfield tag="008">160216n||az|||||||##########||||||||||||</controlfield>
         <datafield tag="040" ind1=" " ind2=" ">
            <subfield code="a">US-NORtu</subfield>
         </datafield>
         <datafield tag="043" ind1=" " ind2=" ">
            <subfield code="c">XD-US</subfield>
         </datafield>
         <datafield tag="110" ind1="2" ind2=" ">
            <subfield code="a">Tulane University, Howard Tilton Memorial Library</subfield>
            <subfield code="c">New Orleans, LA</subfield>
            <subfield code="g">US-NORtu</subfield>
         </datafield>
         <datafield tag="410" ind1="2" ind2=" ">
            <subfield code="a">Tulane University, Maxwell Music Library</subfield>
         </datafield>
         <datafield tag="410" ind1="2" ind2=" ">
            <subfield code="a">Tulane University</subfield>
         </datafield>
         <datafield tag="622" ind1=" " ind2=" ">
            <subfield code="e">Tulane University, Howard Tilton, Memorial Library, Dixon Hall, US-New Orleans, LA 70118, Vereinigte Staaten</subfield>
         </datafield>
      </record>