
      <record>
         <leader>00000nz  a2200169   4500</leader>
         <controlfield tag="001">30002358</controlfield>
         <controlfield tag="003">RISM</controlfield>
         <controlfield tag="005">20160216</controlfield>
         <controlfield tag="008">160216n||az|||||||##########||||||||||||</controlfield>
         <datafield tag="040" ind1=" " ind2=" ">
            <subfield code="a">US-NP</subfield>
         </datafield>
         <datafield tag="043" ind1=" " ind2=" ">
            <subfield code="c">XD-US</subfield>
         </datafield>
         <datafield tag="110" ind1="2" ind2=" ">
            <subfield code="a">Newburyport Public Library</subfield>
            <subfield code="c">Newburyport, MA</subfield>
            <subfield code="g">US-NP</subfield>
         </datafield>
         <datafield tag="410" ind1="2" ind2=" ">
            <subfield code="a">Public Library</subfield>
         </datafield>
         <datafield tag="622" ind1=" " ind2=" ">
            <subfield code="e">Newburyport Public Library, 94 State St., US-Newburyport, MA 01950, Vereinigte Staaten</subfield>
         </datafield>
      </record>