
      <record>
         <leader>00000nz  a2200169   4500</leader>
         <controlfield tag="001">30080684</controlfield>
         <controlfield tag="003">RISM</controlfield>
         <controlfield tag="005">20160216</controlfield>
         <controlfield tag="008">160216n||az|||||||##########||||||||||||</controlfield>
         <datafield tag="040" ind1=" " ind2=" ">
            <subfield code="a">US-NRol</subfield>
         </datafield>
         <datafield tag="043" ind1=" " ind2=" ">
            <subfield code="c">XD-US</subfield>
         </datafield>
         <datafield tag="110" ind1="2" ind2=" ">
            <subfield code="a">California State University Northridge (CSUN), Oviatt Library</subfield>
            <subfield code="c">Northridge, CA</subfield>
            <subfield code="g">US-NRol</subfield>
         </datafield>
         <datafield tag="622" ind1=" " ind2=" ">
            <subfield code="e">California State University Northridge,  (CSUN), Oviatt Library, 18111 Nordhoff Street, Northridge, CA 91330, USA</subfield>
            <subfield code="u">http://library.csun.edu/</subfield>
         </datafield>
      </record>