
      <record>
         <leader>00000nz  a2200169   4500</leader>
         <controlfield tag="001">30002343</controlfield>
         <controlfield tag="003">RISM</controlfield>
         <controlfield tag="005">20160216</controlfield>
         <controlfield tag="008">160216n||az|||||||##########||||||||||||</controlfield>
         <datafield tag="040" ind1=" " ind2=" ">
            <subfield code="a">US-Nsc</subfield>
         </datafield>
         <datafield tag="043" ind1=" " ind2=" ">
            <subfield code="c">XD-US</subfield>
         </datafield>
         <datafield tag="110" ind1="2" ind2=" ">
            <subfield code="a">Smith College, Werner Josten Music Library</subfield>
            <subfield code="c">Northampton, MA</subfield>
            <subfield code="g">US-Nsc</subfield>
         </datafield>
         <datafield tag="410" ind1="2" ind2=" ">
            <subfield code="a">Thomas C. Mendenhall Center for the Performing Arts</subfield>
         </datafield>
         <datafield tag="410" ind1="2" ind2=" ">
            <subfield code="a">Werner Josten Performing Arts Library</subfield>
         </datafield>
         <datafield tag="622" ind1=" " ind2=" ">
            <subfield code="e">Smith College, Werner Josten Music,  Library, Northampton, MA 01063, USA</subfield>
            <subfield code="u">http://www.smith.edu/library/</subfield>
         </datafield>
      </record>