
      <record>
         <leader>00000nz  a2200169   4500</leader>
         <controlfield tag="001">30004265</controlfield>
         <controlfield tag="003">RISM</controlfield>
         <controlfield tag="005">20160216</controlfield>
         <controlfield tag="008">160216n||az|||||||##########||||||||||||</controlfield>
         <datafield tag="040" ind1=" " ind2=" ">
            <subfield code="a">US-NT</subfield>
         </datafield>
         <datafield tag="043" ind1=" " ind2=" ">
            <subfield code="c">XD-US</subfield>
         </datafield>
         <datafield tag="110" ind1="2" ind2=" ">
            <subfield code="a">Carleton College Library</subfield>
            <subfield code="c">Northfield, MN</subfield>
            <subfield code="g">US-NT</subfield>
         </datafield>
         <datafield tag="622" ind1=" " ind2=" ">
            <subfield code="e">Carleton College Library, US-Northfield, MN 55057, Vereinigte Staaten</subfield>
         </datafield>
      </record>