
      <record>
         <leader>00000nz  a2200169   4500</leader>
         <controlfield tag="001">30002360</controlfield>
         <controlfield tag="003">RISM</controlfield>
         <controlfield tag="005">20160216</controlfield>
         <controlfield tag="008">160216n||az|||||||##########||||||||||||</controlfield>
         <datafield tag="040" ind1=" " ind2=" ">
            <subfield code="a">US-NYbm</subfield>
         </datafield>
         <datafield tag="043" ind1=" " ind2=" ">
            <subfield code="c">XD-US</subfield>
         </datafield>
         <datafield tag="110" ind1="2" ind2=" ">
            <subfield code="a">Broadcast Music, Inc</subfield>
            <subfield code="c">New York City, NY</subfield>
            <subfield code="g">US-NYbm</subfield>
         </datafield>
         <datafield tag="410" ind1="2" ind2=" ">
            <subfield code="a">The Carl Haverlin/BMI Archives, Broadcast Music Inc.</subfield>
         </datafield>
         <datafield tag="622" ind1=" " ind2=" ">
            <subfield code="e">Broadcast Music, Inc, 40 W 57th St., New York City, NY 10019, USA</subfield>
         </datafield>
      </record>