
      <record>
         <leader>00000nz  a2200169   4500</leader>
         <controlfield tag="001">30004251</controlfield>
         <controlfield tag="003">RISM</controlfield>
         <controlfield tag="005">20160216</controlfield>
         <controlfield tag="008">160216n||az|||||||##########||||||||||||</controlfield>
         <datafield tag="040" ind1=" " ind2=" ">
            <subfield code="a">US-NYbrc</subfield>
         </datafield>
         <datafield tag="043" ind1=" " ind2=" ">
            <subfield code="c">XD-US</subfield>
         </datafield>
         <datafield tag="110" ind1="2" ind2=" ">
            <subfield code="a">Brooklyn College of the City University of New York, Music Library</subfield>
            <subfield code="c">New York City, NY</subfield>
            <subfield code="g">US-NYbrc</subfield>
         </datafield>
         <datafield tag="622" ind1=" " ind2=" ">
            <subfield code="e">Brooklyn College of the City University,  of New York, Music Library, 417 Gershwin Hall, Bedford Ave. and Ave.,  H, New York City, NY 11210, USA</subfield>
         </datafield>
      </record>