
      <record>
         <leader>00000nz  a2200169   4500</leader>
         <controlfield tag="001">30002362</controlfield>
         <controlfield tag="003">RISM</controlfield>
         <controlfield tag="005">20160216</controlfield>
         <controlfield tag="008">160216n||az|||||||##########||||||||||||</controlfield>
         <datafield tag="040" ind1=" " ind2=" ">
            <subfield code="a">US-NYcg</subfield>
         </datafield>
         <datafield tag="043" ind1=" " ind2=" ">
            <subfield code="c">XD-US</subfield>
         </datafield>
         <datafield tag="110" ind1="2" ind2=" ">
            <subfield code="a">City University of New York, Graduate Center</subfield>
            <subfield code="c">New York City, NY</subfield>
            <subfield code="g">US-NYcg</subfield>
         </datafield>
         <datafield tag="410" ind1="2" ind2=" ">
            <subfield code="a">City University of New York, Graduate School and University Center, Music Library</subfield>
         </datafield>
         <datafield tag="410" ind1="2" ind2=" ">
            <subfield code="a">City University of New York, Graduate School</subfield>
         </datafield>
         <datafield tag="622" ind1=" " ind2=" ">
            <subfield code="e">City University of New York, Graduate,  Center, 33 W 42nd St., New York City, NY 10036, USA</subfield>
         </datafield>
      </record>