
      <record>
         <leader>00000nz  a2200169   4500</leader>
         <controlfield tag="001">30080137</controlfield>
         <controlfield tag="003">RISM</controlfield>
         <controlfield tag="005">20160216</controlfield>
         <controlfield tag="008">160216n||az|||||||##########||||||||||||</controlfield>
         <datafield tag="040" ind1=" " ind2=" ">
            <subfield code="a">US-NYcha</subfield>
         </datafield>
         <datafield tag="043" ind1=" " ind2=" ">
            <subfield code="c">XD-US</subfield>
         </datafield>
         <datafield tag="110" ind1="2" ind2=" ">
            <subfield code="a">Carnegie Hall Archives</subfield>
            <subfield code="c">New York, NY</subfield>
            <subfield code="g">US-NYcha</subfield>
         </datafield>
         <datafield tag="622" ind1=" " ind2=" ">
            <subfield code="e">Carnegie Hall Archives, 881 Seventh Avenue, New York, NY 10019, USA</subfield>
            <subfield code="u">http://www.carnegiehall.org/History/Carnegie-Hall-Archives/</subfield>
         </datafield>
      </record>