
      <record>
         <leader>00000nz  a2200169   4500</leader>
         <controlfield tag="001">30000326</controlfield>
         <controlfield tag="003">RISM</controlfield>
         <controlfield tag="005">20160216</controlfield>
         <controlfield tag="008">160216n||az|||||||##########||||||||||||</controlfield>
         <datafield tag="040" ind1=" " ind2=" ">
            <subfield code="a">US-NYcu</subfield>
         </datafield>
         <datafield tag="043" ind1=" " ind2=" ">
            <subfield code="c">XD-US</subfield>
         </datafield>
         <datafield tag="110" ind1="2" ind2=" ">
            <subfield code="a">Columbia University, Music Library</subfield>
            <subfield code="c">New York City, NY</subfield>
            <subfield code="g">US-NYcu</subfield>
         </datafield>
         <datafield tag="622" ind1=" " ind2=" ">
            <subfield code="e">Columbia University, Music Library, 701 Dodge, Broadway &amp; 116 St., New York City, NY 10027, USA</subfield>
         </datafield>
      </record>