
      <record>
         <leader>00000nz  a2200169   4500</leader>
         <controlfield tag="001">30000315</controlfield>
         <controlfield tag="003">RISM</controlfield>
         <controlfield tag="005">20160216</controlfield>
         <controlfield tag="008">160216n||az|||||||##########||||||||||||</controlfield>
         <datafield tag="040" ind1=" " ind2=" ">
            <subfield code="a">US-NYcub</subfield>
         </datafield>
         <datafield tag="043" ind1=" " ind2=" ">
            <subfield code="c">XD-US</subfield>
         </datafield>
         <datafield tag="110" ind1="2" ind2=" ">
            <subfield code="a">Columbia University, Butler Library</subfield>
            <subfield code="c">New York City, NY</subfield>
            <subfield code="g">US-NYcub</subfield>
         </datafield>
         <datafield tag="410" ind1="2" ind2=" ">
            <subfield code="a">Butler Library - Rare Book and Manuscript Library</subfield>
         </datafield>
         <datafield tag="622" ind1=" " ind2=" ">
            <subfield code="e">Columbia University, Butler Library, 534 West, 114th St., New York City, NY 10027, USA</subfield>
            <subfield code="u">http://www.columbia.edu/cu/lweb/indiv/butler/</subfield>
         </datafield>
      </record>