
      <record>
         <leader>00000nz  a2200169   4500</leader>
         <controlfield tag="001">30002366</controlfield>
         <controlfield tag="003">RISM</controlfield>
         <controlfield tag="005">20160216</controlfield>
         <controlfield tag="008">160216n||az|||||||##########||||||||||||</controlfield>
         <datafield tag="040" ind1=" " ind2=" ">
            <subfield code="a">US-NYfuld</subfield>
         </datafield>
         <datafield tag="043" ind1=" " ind2=" ">
            <subfield code="c">XD-US</subfield>
         </datafield>
         <datafield tag="110" ind1="2" ind2=" ">
            <subfield code="a">James J. Fuld private collection</subfield>
            <subfield code="c">New York City, NY</subfield>
            <subfield code="g">US-NYfuld</subfield>
         </datafield>
         <datafield tag="580" ind1=" " ind2=" ">
            <subfield code="x">US-NYpm</subfield>
            <subfield code="0">30002387</subfield>
         </datafield>
      </record>