
      <record>
         <leader>00000nz  a2200169   4500</leader>
         <controlfield tag="001">30002368</controlfield>
         <controlfield tag="003">RISM</controlfield>
         <controlfield tag="005">20160216</controlfield>
         <controlfield tag="008">160216n||az|||||||##########||||||||||||</controlfield>
         <datafield tag="040" ind1=" " ind2=" ">
            <subfield code="a">US-NYgeist</subfield>
         </datafield>
         <datafield tag="043" ind1=" " ind2=" ">
            <subfield code="c">XD-US</subfield>
         </datafield>
         <datafield tag="110" ind1="2" ind2=" ">
            <subfield code="a">Mrs. Franklin Geist private collection</subfield>
            <subfield code="c">New York City, NY</subfield>
            <subfield code="g">US-NYgeist</subfield>
         </datafield>
         <datafield tag="622" ind1=" " ind2=" ">
            <subfield code="e">Mrs. Franklin Geist private collection, 123 E 82nd St., New York City, NY 10028, USA</subfield>
         </datafield>
      </record>