
      <record>
         <leader>00000nz  a2200169   4500</leader>
         <controlfield tag="001">30002369</controlfield>
         <controlfield tag="003">RISM</controlfield>
         <controlfield tag="005">20160216</controlfield>
         <controlfield tag="008">160216n||az|||||||##########||||||||||||</controlfield>
         <datafield tag="040" ind1=" " ind2=" ">
            <subfield code="a">US-NYgl</subfield>
         </datafield>
         <datafield tag="043" ind1=" " ind2=" ">
            <subfield code="c">XD-US</subfield>
         </datafield>
         <datafield tag="110" ind1="2" ind2=" ">
            <subfield code="a">Grand Lodge Library and Museum, Free and Accepted Masons</subfield>
            <subfield code="c">New York City, NY</subfield>
            <subfield code="g">US-NYgl</subfield>
         </datafield>
         <datafield tag="410" ind1="2" ind2=" ">
            <subfield code="a">Grand Lodge Free and Accepted Masons of the State of New York, Library and Museum</subfield>
         </datafield>
         <datafield tag="622" ind1=" " ind2=" ">
            <subfield code="e">Grand Lodge Library and Museum, Free and,  Accepted Masons, 71 W 23rd St., New York City, NY 10010, USA</subfield>
         </datafield>
      </record>