
      <record>
         <leader>00000nz  a2200169   4500</leader>
         <controlfield tag="001">30002370</controlfield>
         <controlfield tag="003">RISM</controlfield>
         <controlfield tag="005">20160216</controlfield>
         <controlfield tag="008">160216n||az|||||||##########||||||||||||</controlfield>
         <datafield tag="040" ind1=" " ind2=" ">
            <subfield code="a">US-NYgo</subfield>
         </datafield>
         <datafield tag="043" ind1=" " ind2=" ">
            <subfield code="c">XD-US</subfield>
         </datafield>
         <datafield tag="110" ind1="2" ind2=" ">
            <subfield code="a">New York University, Gould Memorial Library</subfield>
            <subfield code="c">New York City, NY</subfield>
            <subfield code="g">US-NYgo</subfield>
         </datafield>
         <datafield tag="410" ind1="2" ind2=" ">
            <subfield code="a">The Bronx, Gould Library, New York University</subfield>
         </datafield>
         <datafield tag="580" ind1=" " ind2=" ">
            <subfield code="x">US-NYu</subfield>
            <subfield code="0">30002392</subfield>
         </datafield>
      </record>