
      <record>
         <leader>00000nz  a2200169   4500</leader>
         <controlfield tag="001">30002372</controlfield>
         <controlfield tag="003">RISM</controlfield>
         <controlfield tag="005">20160216</controlfield>
         <controlfield tag="008">160216n||az|||||||##########||||||||||||</controlfield>
         <datafield tag="040" ind1=" " ind2=" ">
            <subfield code="a">US-NYgr</subfield>
         </datafield>
         <datafield tag="043" ind1=" " ind2=" ">
            <subfield code="c">XD-US</subfield>
         </datafield>
         <datafield tag="110" ind1="2" ind2=" ">
            <subfield code="a">The Grolier Club Library</subfield>
            <subfield code="c">New York City, NY</subfield>
            <subfield code="g">US-NYgr</subfield>
         </datafield>
         <datafield tag="410" ind1="2" ind2=" ">
            <subfield code="a">The Grolier Club of the City of New York Library</subfield>
         </datafield>
         <datafield tag="622" ind1=" " ind2=" ">
            <subfield code="e">The Grolier Club Library, 47 E 60th St., New York City, NY 10022, USA</subfield>
         </datafield>
      </record>