
      <record>
         <leader>00000nz  a2200169   4500</leader>
         <controlfield tag="001">30002373</controlfield>
         <controlfield tag="003">RISM</controlfield>
         <controlfield tag="005">20160216</controlfield>
         <controlfield tag="008">160216n||az|||||||##########||||||||||||</controlfield>
         <datafield tag="040" ind1=" " ind2=" ">
            <subfield code="a">US-NYhc</subfield>
         </datafield>
         <datafield tag="043" ind1=" " ind2=" ">
            <subfield code="c">XD-US</subfield>
         </datafield>
         <datafield tag="110" ind1="2" ind2=" ">
            <subfield code="a">Hunter College Library</subfield>
            <subfield code="c">New York City, NY</subfield>
            <subfield code="g">US-NYhc</subfield>
         </datafield>
         <datafield tag="410" ind1="2" ind2=" ">
            <subfield code="a">Hunter College of the City University of New York, Hunter Arts Library</subfield>
         </datafield>
         <datafield tag="622" ind1=" " ind2=" ">
            <subfield code="e">Hunter College Library, 695 Park Ave., New York City, NY 10021, USA</subfield>
            <subfield code="u">http://library.wexler.hunter.cuny.edu</subfield>
         </datafield>
      </record>