
      <record>
         <leader>00000nz  a2200169   4500</leader>
         <controlfield tag="001">30000322</controlfield>
         <controlfield tag="003">RISM</controlfield>
         <controlfield tag="005">20160216</controlfield>
         <controlfield tag="008">160216n||az|||||||##########||||||||||||</controlfield>
         <datafield tag="040" ind1=" " ind2=" ">
            <subfield code="a">US-NYj</subfield>
         </datafield>
         <datafield tag="043" ind1=" " ind2=" ">
            <subfield code="c">XD-US</subfield>
         </datafield>
         <datafield tag="110" ind1="2" ind2=" ">
            <subfield code="a">The Juilliard School, Lila Acheson Wallace Library</subfield>
            <subfield code="c">New York City, NY</subfield>
            <subfield code="g">US-NYj</subfield>
         </datafield>
         <datafield tag="622" ind1=" " ind2=" ">
            <subfield code="e">The Juilliard School, Lila Acheson, Wallace Library, 60 Lincoln Center Plaza, New York City, NY 10023-6588, USA</subfield>
            <subfield code="u">http://www.juilliard.edu</subfield>
         </datafield>
      </record>