
      <record>
         <leader>00000nz  a2200169   4500</leader>
         <controlfield tag="001">30003154</controlfield>
         <controlfield tag="003">RISM</controlfield>
         <controlfield tag="005">20160216</controlfield>
         <controlfield tag="008">160216n||az|||||||##########||||||||||||</controlfield>
         <datafield tag="040" ind1=" " ind2=" ">
            <subfield code="a">US-NYjts</subfield>
         </datafield>
         <datafield tag="043" ind1=" " ind2=" ">
            <subfield code="c">XD-US</subfield>
         </datafield>
         <datafield tag="110" ind1="2" ind2=" ">
            <subfield code="a">Jewish Theological Seminary of America, Library</subfield>
            <subfield code="c">New York City, NY</subfield>
            <subfield code="g">US-NYjts</subfield>
         </datafield>
         <datafield tag="622" ind1=" " ind2=" ">
            <subfield code="e">Jewish Theological Seminary of America,,  Library, 3080 Broadway, New York City, NY 10027, USA</subfield>
         </datafield>
      </record>