
      <record>
         <leader>00000nz  a2200169   4500</leader>
         <controlfield tag="001">30070369</controlfield>
         <controlfield tag="003">RISM</controlfield>
         <controlfield tag="005">20160216</controlfield>
         <controlfield tag="008">160216n||az|||||||##########||||||||||||</controlfield>
         <datafield tag="040" ind1=" " ind2=" ">
            <subfield code="a">US-NYlbi</subfield>
         </datafield>
         <datafield tag="043" ind1=" " ind2=" ">
            <subfield code="c">XD-US</subfield>
         </datafield>
         <datafield tag="110" ind1="2" ind2=" ">
            <subfield code="a">Leo Baeck Institute</subfield>
            <subfield code="c">New York City, NY</subfield>
            <subfield code="g">US-NYlbi</subfield>
         </datafield>
         <datafield tag="622" ind1=" " ind2=" ">
            <subfield code="e">Leo Baeck Institute, 129 East 73rd Street, New York City, NY 10021, USA</subfield>
            <subfield code="u">http://www.lbi.com</subfield>
         </datafield>
      </record>