
      <record>
         <leader>00000nz  a2200169   4500</leader>
         <controlfield tag="001">30002381</controlfield>
         <controlfield tag="003">RISM</controlfield>
         <controlfield tag="005">20160216</controlfield>
         <controlfield tag="008">160216n||az|||||||##########||||||||||||</controlfield>
         <datafield tag="040" ind1=" " ind2=" ">
            <subfield code="a">US-NYma</subfield>
         </datafield>
         <datafield tag="043" ind1=" " ind2=" ">
            <subfield code="c">XD-US</subfield>
         </datafield>
         <datafield tag="110" ind1="2" ind2=" ">
            <subfield code="a">Mannes College of Music, Clara Damrosch Mannes Memorial Library</subfield>
            <subfield code="c">New York City, NY</subfield>
            <subfield code="g">US-NYma</subfield>
         </datafield>
         <datafield tag="410" ind1="2" ind2=" ">
            <subfield code="a">Mannes College of Music, Harry Scherman Library</subfield>
         </datafield>
         <datafield tag="410" ind1="2" ind2=" ">
            <subfield code="a">Mannes School</subfield>
         </datafield>
         <datafield tag="622" ind1=" " ind2=" ">
            <subfield code="e">Mannes College of Music, Clara Damrosch,  Mannes Memorial Library, 157 E 74th St., New York City, NY 10021, USA</subfield>
         </datafield>
      </record>