
      <record>
         <leader>00000nz  a2200169   4500</leader>
         <controlfield tag="001">30002383</controlfield>
         <controlfield tag="003">RISM</controlfield>
         <controlfield tag="005">20160216</controlfield>
         <controlfield tag="008">160216n||az|||||||##########||||||||||||</controlfield>
         <datafield tag="040" ind1=" " ind2=" ">
            <subfield code="a">US-NYmm</subfield>
         </datafield>
         <datafield tag="043" ind1=" " ind2=" ">
            <subfield code="c">XD-US</subfield>
         </datafield>
         <datafield tag="110" ind1="2" ind2=" ">
            <subfield code="a">The Metropolitan Museum of Art, Thomas J. Watson Library</subfield>
            <subfield code="c">New York City, NY</subfield>
            <subfield code="g">US-NYmm</subfield>
         </datafield>
         <datafield tag="622" ind1=" " ind2=" ">
            <subfield code="e">Metropolitan Museum of Art, Thomas J.,  Watson Library, 82nd St. at 5th Ave., New York City, NY 10028, USA</subfield>
         </datafield>
      </record>