
      <record>
         <leader>00000nz  a2200169   4500</leader>
         <controlfield tag="001">30000321</controlfield>
         <controlfield tag="003">RISM</controlfield>
         <controlfield tag="005">20160216</controlfield>
         <controlfield tag="008">160216n||az|||||||##########||||||||||||</controlfield>
         <datafield tag="040" ind1=" " ind2=" ">
            <subfield code="a">US-NYp</subfield>
         </datafield>
         <datafield tag="043" ind1=" " ind2=" ">
            <subfield code="c">XD-US</subfield>
         </datafield>
         <datafield tag="110" ind1="2" ind2=" ">
            <subfield code="a">New York Public Library for the Performing Arts, Music Division</subfield>
            <subfield code="c">New York, NY</subfield>
            <subfield code="g">US-NYp</subfield>
         </datafield>
         <datafield tag="410" ind1="2" ind2=" ">
            <subfield code="a">Dorothy and Lewis B. Cullman Center</subfield>
         </datafield>
         <datafield tag="410" ind1="2" ind2=" ">
            <subfield code="a">New York Public Library at Lincoln Center, Library and Museum of the Performing Arts</subfield>
         </datafield>
         <datafield tag="622" ind1=" " ind2=" ">
            <subfield code="e">New York Public Library for the,  Performing Arts, Music Division, Third Floor, 40 Lincoln Center Plaza, New York, NY 10023-7498, USA</subfield>
            <subfield code="u">http://www.nypl.org/locations/lpa/music-division</subfield>
         </datafield>
      </record>