
      <record>
         <leader>00000nz  a2200169   4500</leader>
         <controlfield tag="001">30003191</controlfield>
         <controlfield tag="003">RISM</controlfield>
         <controlfield tag="005">20160216</controlfield>
         <controlfield tag="008">160216n||az|||||||##########||||||||||||</controlfield>
         <datafield tag="040" ind1=" " ind2=" ">
            <subfield code="a">US-NYpa</subfield>
         </datafield>
         <datafield tag="043" ind1=" " ind2=" ">
            <subfield code="c">XD-US</subfield>
         </datafield>
         <datafield tag="110" ind1="2" ind2=" ">
            <subfield code="a">New York Public Library, The Arents Tobacco Collection</subfield>
            <subfield code="c">New York City, NY</subfield>
            <subfield code="g">US-NYpa</subfield>
         </datafield>
         <datafield tag="410" ind1="2" ind2=" ">
            <subfield code="a">New York Public Library, Arents Collection of Books in parts</subfield>
         </datafield>
         <datafield tag="580" ind1=" " ind2=" ">
            <subfield code="x">US-NYpl</subfield>
            <subfield code="0">30005936</subfield>
         </datafield>
         <datafield tag="622" ind1=" " ind2=" ">
            <subfield code="e">New York Public Library, The Arents,  Tobacco Collection, Room 324, 5th Ave. and 42nd St., New York City, NY 10018, USA</subfield>
         </datafield>
      </record>