
      <record>
         <leader>00000nz  a2200169   4500</leader>
         <controlfield tag="001">30002385</controlfield>
         <controlfield tag="003">RISM</controlfield>
         <controlfield tag="005">20160216</controlfield>
         <controlfield tag="008">160216n||az|||||||##########||||||||||||</controlfield>
         <datafield tag="040" ind1=" " ind2=" ">
            <subfield code="a">US-NYpb</subfield>
         </datafield>
         <datafield tag="043" ind1=" " ind2=" ">
            <subfield code="c">XD-US</subfield>
         </datafield>
         <datafield tag="110" ind1="2" ind2=" ">
            <subfield code="a">New York Public Library, Henry W. and Albert A. Berg Collection</subfield>
            <subfield code="c">New York City, NY</subfield>
            <subfield code="g">US-NYpb</subfield>
         </datafield>
         <datafield tag="410" ind1="2" ind2=" ">
            <subfield code="a">New York Public Library, Berg Collection of English and American Literature</subfield>
         </datafield>
         <datafield tag="580" ind1=" " ind2=" ">
            <subfield code="x">US-NYpl</subfield>
            <subfield code="0">30005936</subfield>
         </datafield>
         <datafield tag="622" ind1=" " ind2=" ">
            <subfield code="e">New York Public Library, Henry W. and,  Albert A. Berg Collection, Rooms 318 und 320, 5th Ave. and 42nd St., New York City, NY 10018, USA</subfield>
         </datafield>
      </record>