
      <record>
         <leader>00000nz  a2200169   4500</leader>
         <controlfield tag="001">30006174</controlfield>
         <controlfield tag="003">RISM</controlfield>
         <controlfield tag="005">20160216</controlfield>
         <controlfield tag="008">160216n||az|||||||##########||||||||||||</controlfield>
         <datafield tag="040" ind1=" " ind2=" ">
            <subfield code="a">US-NYph</subfield>
         </datafield>
         <datafield tag="043" ind1=" " ind2=" ">
            <subfield code="c">XD-US</subfield>
         </datafield>
         <datafield tag="110" ind1="2" ind2=" ">
            <subfield code="a">New York Public Library, Herter Collection of the Music Division, Astor, Lenox and Tilden Foundations</subfield>
            <subfield code="c">New York City, NY</subfield>
            <subfield code="g">US-NYph</subfield>
         </datafield>
         <datafield tag="622" ind1=" " ind2=" ">
            <subfield code="e">New York Public Library, Herter,  Collection of the Music Division,,  Astor, Lenox and Tilden Foundations, 18 Fifth Ave. and 42nd Str., New York City, NY, USA</subfield>
         </datafield>
      </record>