
      <record>
         <leader>00000nz  a2200169   4500</leader>
         <controlfield tag="001">30005936</controlfield>
         <controlfield tag="003">RISM</controlfield>
         <controlfield tag="005">20160216</controlfield>
         <controlfield tag="008">160216n||az|||||||##########||||||||||||</controlfield>
         <datafield tag="040" ind1=" " ind2=" ">
            <subfield code="a">US-NYpl</subfield>
         </datafield>
         <datafield tag="043" ind1=" " ind2=" ">
            <subfield code="c">XD-US</subfield>
         </datafield>
         <datafield tag="110" ind1="2" ind2=" ">
            <subfield code="a">Public Library, Center for the Humanities</subfield>
            <subfield code="c">New York City, NY</subfield>
            <subfield code="g">US-NYpl</subfield>
         </datafield>
         <datafield tag="622" ind1=" " ind2=" ">
            <subfield code="e">Public Library, Center for the,  Humanities, 5th Avenue and 42nd Street, New York City, NY 10018-2788, USA</subfield>
         </datafield>
      </record>