
      <record>
         <leader>00000nz  a2200169   4500</leader>
         <controlfield tag="001">30002387</controlfield>
         <controlfield tag="003">RISM</controlfield>
         <controlfield tag="005">20160216</controlfield>
         <controlfield tag="008">160216n||az|||||||##########||||||||||||</controlfield>
         <datafield tag="040" ind1=" " ind2=" ">
            <subfield code="a">US-NYpm</subfield>
         </datafield>
         <datafield tag="043" ind1=" " ind2=" ">
            <subfield code="c">XD-US</subfield>
         </datafield>
         <datafield tag="110" ind1="2" ind2=" ">
            <subfield code="a">The Morgan Library &amp; Museum</subfield>
            <subfield code="c">New York City, NY</subfield>
            <subfield code="g">US-NYpm</subfield>
         </datafield>
         <datafield tag="410" ind1="2" ind2=" ">
            <subfield code="a">Pierpont Morgan Library</subfield>
         </datafield>
         <datafield tag="622" ind1=" " ind2=" ">
            <subfield code="e">The Morgan Library &amp; Museum, 225 Madison Avenue at 36th St., New York City, NY 10016, USA</subfield>
            <subfield code="u">http://www.themorgan.org</subfield>
         </datafield>
      </record>