
      <record>
         <leader>00000nz  a2200169   4500</leader>
         <controlfield tag="001">30002388</controlfield>
         <controlfield tag="003">RISM</controlfield>
         <controlfield tag="005">20160216</controlfield>
         <controlfield tag="008">160216n||az|||||||##########||||||||||||</controlfield>
         <datafield tag="040" ind1=" " ind2=" ">
            <subfield code="a">US-NYq</subfield>
         </datafield>
         <datafield tag="043" ind1=" " ind2=" ">
            <subfield code="c">XD-US</subfield>
         </datafield>
         <datafield tag="110" ind1="2" ind2=" ">
            <subfield code="a">Queens College of the City University, Paul Klapper Library, Music Library</subfield>
            <subfield code="c">New York City, NY</subfield>
            <subfield code="g">US-NYq</subfield>
         </datafield>
         <datafield tag="622" ind1=" " ind2=" ">
            <subfield code="e">Queens College of the City University,,  Paul Klapper Library, Music Library, Music Building, Room 225, 65-30 Kissena Blvd., New York City, NY 11367-1597, USA</subfield>
         </datafield>
      </record>