
      <record>
         <leader>00000nz  a2200169   4500</leader>
         <controlfield tag="001">30080625</controlfield>
         <controlfield tag="003">RISM</controlfield>
         <controlfield tag="005">20160216</controlfield>
         <controlfield tag="008">160216n||az|||||||##########||||||||||||</controlfield>
         <datafield tag="040" ind1=" " ind2=" ">
            <subfield code="a">US-NYspa</subfield>
         </datafield>
         <datafield tag="043" ind1=" " ind2=" ">
            <subfield code="c">XD-US</subfield>
         </datafield>
         <datafield tag="110" ind1="2" ind2=" ">
            <subfield code="a">Serge Prokofiev Archive</subfield>
            <subfield code="c">New York, NY</subfield>
            <subfield code="g">US-NYspa</subfield>
         </datafield>
         <datafield tag="580" ind1=" " ind2=" ">
            <subfield code="x">US-NYcub</subfield>
            <subfield code="0">30000315</subfield>
         </datafield>
         <datafield tag="622" ind1=" " ind2=" ">
            <subfield code="e">Serge Prokofiev Archive, Rare Book and Manuscript Library, 535 West 114th St. - 6th Floor East,  Butler Library, New York, NY 10027, USA</subfield>
            <subfield code="u">http://library.columbia.edu/locations/rbml/units/performing_arts/prokofiev.html</subfield>
         </datafield>
      </record>