
      <record>
         <leader>00000nz  a2200169   4500</leader>
         <controlfield tag="001">30002392</controlfield>
         <controlfield tag="003">RISM</controlfield>
         <controlfield tag="005">20160216</controlfield>
         <controlfield tag="008">160216n||az|||||||##########||||||||||||</controlfield>
         <datafield tag="040" ind1=" " ind2=" ">
            <subfield code="a">US-NYu</subfield>
         </datafield>
         <datafield tag="043" ind1=" " ind2=" ">
            <subfield code="c">XD-US</subfield>
         </datafield>
         <datafield tag="110" ind1="2" ind2=" ">
            <subfield code="a">New York University Bobst Library</subfield>
            <subfield code="c">New York City, NY</subfield>
            <subfield code="g">US-NYu</subfield>
         </datafield>
         <datafield tag="410" ind1="2" ind2=" ">
            <subfield code="a">New York University, Bobst Library, Music Library</subfield>
         </datafield>
         <datafield tag="622" ind1=" " ind2=" ">
            <subfield code="e">New York University Bobst Library, 70 Washington Sq. S, New York City, NY 10012, USA</subfield>
         </datafield>
      </record>