
      <record>
         <leader>00000nz  a2200169   4500</leader>
         <controlfield tag="001">30002393</controlfield>
         <controlfield tag="003">RISM</controlfield>
         <controlfield tag="005">20160216</controlfield>
         <controlfield tag="008">160216n||az|||||||##########||||||||||||</controlfield>
         <datafield tag="040" ind1=" " ind2=" ">
            <subfield code="a">US-OA</subfield>
         </datafield>
         <datafield tag="043" ind1=" " ind2=" ">
            <subfield code="c">XD-US</subfield>
         </datafield>
         <datafield tag="110" ind1="2" ind2=" ">
            <subfield code="a">Oakland Public Library</subfield>
            <subfield code="c">Oakland, CA</subfield>
            <subfield code="g">US-OA</subfield>
         </datafield>
         <datafield tag="410" ind1="2" ind2=" ">
            <subfield code="a">Public Library</subfield>
         </datafield>
         <datafield tag="622" ind1=" " ind2=" ">
            <subfield code="e">Oakland Public Library, 125 14th St., US-Oakland, CA 94612, Vereinigte Staaten</subfield>
         </datafield>
      </record>