
      <record>
         <leader>00000nz  a2200169   4500</leader>
         <controlfield tag="001">30006480</controlfield>
         <controlfield tag="003">RISM</controlfield>
         <controlfield tag="005">20160216</controlfield>
         <controlfield tag="008">160216n||az|||||||##########||||||||||||</controlfield>
         <datafield tag="040" ind1=" " ind2=" ">
            <subfield code="a">US-OAo</subfield>
         </datafield>
         <datafield tag="043" ind1=" " ind2=" ">
            <subfield code="c">XD-US</subfield>
         </datafield>
         <datafield tag="110" ind1="2" ind2=" ">
            <subfield code="a">Mills College, F. W. Olin Library</subfield>
            <subfield code="c">Oakland, CA</subfield>
            <subfield code="g">US-OAo</subfield>
         </datafield>
         <datafield tag="622" ind1=" " ind2=" ">
            <subfield code="e">Mills College, F. W. Olin Library, 5000 MacArthur Boulevard, Oakland, CA 94613, USA</subfield>
            <subfield code="u">http://www.mills.edu/academics/library/index.php</subfield>
         </datafield>
      </record>