
      <record>
         <leader>00000nz  a2200169   4500</leader>
         <controlfield tag="001">30000319</controlfield>
         <controlfield tag="003">RISM</controlfield>
         <controlfield tag="005">20160216</controlfield>
         <controlfield tag="008">160216n||az|||||||##########||||||||||||</controlfield>
         <datafield tag="040" ind1=" " ind2=" ">
            <subfield code="a">US-OB</subfield>
         </datafield>
         <datafield tag="043" ind1=" " ind2=" ">
            <subfield code="c">XD-US</subfield>
         </datafield>
         <datafield tag="110" ind1="2" ind2=" ">
            <subfield code="a">Oberlin College, Conservatory Library</subfield>
            <subfield code="c">Oberlin, OH</subfield>
            <subfield code="g">US-OB</subfield>
         </datafield>
         <datafield tag="410" ind1="2" ind2=" ">
            <subfield code="a">Oberlin College Conservatory of Music, Mary M. Vail Library</subfield>
         </datafield>
         <datafield tag="622" ind1=" " ind2=" ">
            <subfield code="e">Oberlin College, Conservatory Library, 77 West College Street, Oberlin, OH 44074-1588, USA</subfield>
            <subfield code="u">http://www.oberlin.edu/library/con/</subfield>
         </datafield>
      </record>