
      <record>
         <leader>00000nz  a2200169   4500</leader>
         <controlfield tag="001">30004266</controlfield>
         <controlfield tag="003">RISM</controlfield>
         <controlfield tag="005">20160216</controlfield>
         <controlfield tag="008">160216n||az|||||||##########||||||||||||</controlfield>
         <datafield tag="040" ind1=" " ind2=" ">
            <subfield code="a">US-OMu</subfield>
         </datafield>
         <datafield tag="043" ind1=" " ind2=" ">
            <subfield code="c">XD-US</subfield>
         </datafield>
         <datafield tag="110" ind1="2" ind2=" ">
            <subfield code="a">Creighton University, Alumni Library</subfield>
            <subfield code="c">Omaha, NB</subfield>
            <subfield code="g">US-OMu</subfield>
         </datafield>
         <datafield tag="622" ind1=" " ind2=" ">
            <subfield code="e">Creighton University, Alumni Library, 2500 California St., US-Omaha, NB 68178, Vereinigte Staaten</subfield>
         </datafield>
      </record>