
      <record>
         <leader>00000nz  a2200169   4500</leader>
         <controlfield tag="001">30002395</controlfield>
         <controlfield tag="003">RISM</controlfield>
         <controlfield tag="005">20160216</controlfield>
         <controlfield tag="008">160216n||az|||||||##########||||||||||||</controlfield>
         <datafield tag="040" ind1=" " ind2=" ">
            <subfield code="a">US-OX</subfield>
         </datafield>
         <datafield tag="043" ind1=" " ind2=" ">
            <subfield code="c">XD-US</subfield>
         </datafield>
         <datafield tag="110" ind1="2" ind2=" ">
            <subfield code="a">Miami University, Amos Music Library</subfield>
            <subfield code="c">Oxford, OH</subfield>
            <subfield code="g">US-OX</subfield>
         </datafield>
         <datafield tag="410" ind1="2" ind2=" ">
            <subfield code="a">Miami University, W. T. &amp; Dorothy R. Amos Music Library</subfield>
         </datafield>
         <datafield tag="410" ind1="2" ind2=" ">
            <subfield code="a">Miami University Library</subfield>
         </datafield>
         <datafield tag="410" ind1="2" ind2=" ">
            <subfield code="a">Miami University</subfield>
         </datafield>
         <datafield tag="622" ind1=" " ind2=" ">
            <subfield code="e">Miami University, Amos Music Library, 120 Center for the Performing Arts,, Miami University, US-Oxford, OH 45056, Vereinigte Staaten</subfield>
         </datafield>
      </record>