
      <record>
         <leader>00000nz  a2200169   4500</leader>
         <controlfield tag="001">30000311</controlfield>
         <controlfield tag="003">RISM</controlfield>
         <controlfield tag="005">20160216</controlfield>
         <controlfield tag="008">160216n||az|||||||##########||||||||||||</controlfield>
         <datafield tag="040" ind1=" " ind2=" ">
            <subfield code="a">US-Pc</subfield>
         </datafield>
         <datafield tag="043" ind1=" " ind2=" ">
            <subfield code="c">XD-US</subfield>
         </datafield>
         <datafield tag="110" ind1="2" ind2=" ">
            <subfield code="a">Carnegie Library of Pittsburgh, Music and Art Department</subfield>
            <subfield code="c">Pittsburgh, PA</subfield>
            <subfield code="g">US-Pc</subfield>
         </datafield>
         <datafield tag="410" ind1="2" ind2=" ">
            <subfield code="a">Carnegie Public Library of Pittsburgh</subfield>
         </datafield>
         <datafield tag="410" ind1="2" ind2=" ">
            <subfield code="a">The Carnegie Library</subfield>
         </datafield>
         <datafield tag="622" ind1=" " ind2=" ">
            <subfield code="e">Carnegie Library of Pittsburgh, Music, and Art Dept, 4400 Forbes Ave., Pittsburgh, PA 15213, USA</subfield>
            <subfield code="u">http://www.clpgh.org/locations/music/</subfield>
         </datafield>
      </record>