
      <record>
         <leader>00000nz  a2200169   4500</leader>
         <controlfield tag="001">30004271</controlfield>
         <controlfield tag="003">RISM</controlfield>
         <controlfield tag="005">20160216</controlfield>
         <controlfield tag="008">160216n||az|||||||##########||||||||||||</controlfield>
         <datafield tag="040" ind1=" " ind2=" ">
            <subfield code="a">US-Pct</subfield>
         </datafield>
         <datafield tag="043" ind1=" " ind2=" ">
            <subfield code="c">XD-US</subfield>
         </datafield>
         <datafield tag="110" ind1="2" ind2=" ">
            <subfield code="a">Carnegie-Mellon University, Hunt Library</subfield>
            <subfield code="c">Pittsburgh, PA</subfield>
            <subfield code="g">US-Pct</subfield>
         </datafield>
         <datafield tag="622" ind1=" " ind2=" ">
            <subfield code="e">Carnegie-Mellon University, Hunt Library, Schenley Park, US-Pittsburgh, PA 15213, Vereinigte Staaten</subfield>
         </datafield>
      </record>