
      <record>
         <leader>00000nz  a2200169   4500</leader>
         <controlfield tag="001">30077301</controlfield>
         <controlfield tag="003">RISM</controlfield>
         <controlfield tag="005">20160216</controlfield>
         <controlfield tag="008">160216n||az|||||||##########||||||||||||</controlfield>
         <datafield tag="040" ind1=" " ind2=" ">
            <subfield code="a">US-PDal</subfield>
         </datafield>
         <datafield tag="043" ind1=" " ind2=" ">
            <subfield code="c">US</subfield>
         </datafield>
         <datafield tag="110" ind1="2" ind2=" ">
            <subfield code="a">University of New England, Abplanalp Library</subfield>
            <subfield code="c">Portland, ME</subfield>
            <subfield code="g">US-PDal</subfield>
         </datafield>
         <datafield tag="622" ind1=" " ind2=" ">
            <subfield code="e">University of New England, Abplanalp,  Library, Westbrook College Campus, 716 Stevens Avenue, Portland, ME 04103, USA</subfield>
            <subfield code="u">http://www.une.edu/library/</subfield>
         </datafield>
      </record>