
      <record>
         <leader>00000nz  a2200169   4500</leader>
         <controlfield tag="001">30004276</controlfield>
         <controlfield tag="003">RISM</controlfield>
         <controlfield tag="005">20160216</controlfield>
         <controlfield tag="008">160216n||az|||||||##########||||||||||||</controlfield>
         <datafield tag="040" ind1=" " ind2=" ">
            <subfield code="a">US-PDp</subfield>
         </datafield>
         <datafield tag="043" ind1=" " ind2=" ">
            <subfield code="c">XD-US</subfield>
         </datafield>
         <datafield tag="110" ind1="2" ind2=" ">
            <subfield code="a">Portland Public Library, Art Department</subfield>
            <subfield code="c">Portland, ME</subfield>
            <subfield code="g">US-PDp</subfield>
         </datafield>
         <datafield tag="622" ind1=" " ind2=" ">
            <subfield code="e">Portland Public Library, Art Department, 5 Monument Sq., US-Portland, ME 04101, Vereinigte Staaten</subfield>
         </datafield>
      </record>