
      <record>
         <leader>00000nz  a2200169   4500</leader>
         <controlfield tag="001">30002402</controlfield>
         <controlfield tag="003">RISM</controlfield>
         <controlfield tag="005">20160216</controlfield>
         <controlfield tag="008">160216n||az|||||||##########||||||||||||</controlfield>
         <datafield tag="040" ind1=" " ind2=" ">
            <subfield code="a">US-PE</subfield>
         </datafield>
         <datafield tag="043" ind1=" " ind2=" ">
            <subfield code="c">XD-US</subfield>
         </datafield>
         <datafield tag="110" ind1="2" ind2=" ">
            <subfield code="a">Schwenkfelder Historical Society Library</subfield>
            <subfield code="c">Pennsburg, PA</subfield>
            <subfield code="g">US-PE</subfield>
         </datafield>
         <datafield tag="410" ind1="2" ind2=" ">
            <subfield code="a">Schwenkfelder Historical Society</subfield>
         </datafield>
         <datafield tag="410" ind1="2" ind2=" ">
            <subfield code="a">Schwenkfelder Library</subfield>
         </datafield>
         <datafield tag="622" ind1=" " ind2=" ">
            <subfield code="e">Schwenkfelder Historical Society Library, One Seminary Ave., US-Pennsburg, PA, 18073, Vereinigte Staaten</subfield>
         </datafield>
      </record>