
      <record>
         <leader>00000nz  a2200169   4500</leader>
         <controlfield tag="001">30003192</controlfield>
         <controlfield tag="003">RISM</controlfield>
         <controlfield tag="005">20160216</controlfield>
         <controlfield tag="008">160216n||az|||||||##########||||||||||||</controlfield>
         <datafield tag="040" ind1=" " ind2=" ">
            <subfield code="a">US-PER</subfield>
         </datafield>
         <datafield tag="043" ind1=" " ind2=" ">
            <subfield code="c">XD-US</subfield>
         </datafield>
         <datafield tag="110" ind1="2" ind2=" ">
            <subfield code="a">St. Mary's Seminary Library</subfield>
            <subfield code="c">Perryville, MO</subfield>
            <subfield code="g">US-PER</subfield>
         </datafield>
         <datafield tag="410" ind1="2" ind2=" ">
            <subfield code="a">St. Mary's Seminary College</subfield>
         </datafield>
         <datafield tag="410" ind1="2" ind2=" ">
            <subfield code="a">St. Mary's of the Barrens Library</subfield>
         </datafield>
         <datafield tag="622" ind1=" " ind2=" ">
            <subfield code="e">St. Mary's Seminary Library, US-Perryville, MO 63775, Vereinigte Staaten</subfield>
         </datafield>
      </record>