
      <record>
         <leader>00000nz  a2200169   4500</leader>
         <controlfield tag="001">30002404</controlfield>
         <controlfield tag="003">RISM</controlfield>
         <controlfield tag="005">20160216</controlfield>
         <controlfield tag="008">160216n||az|||||||##########||||||||||||</controlfield>
         <datafield tag="040" ind1=" " ind2=" ">
            <subfield code="a">US-PF</subfield>
         </datafield>
         <datafield tag="043" ind1=" " ind2=" ">
            <subfield code="c">XD-US</subfield>
         </datafield>
         <datafield tag="110" ind1="2" ind2=" ">
            <subfield code="a">Berkshire Athenaeum</subfield>
            <subfield code="c">Pittsfield, MA</subfield>
            <subfield code="g">US-PF</subfield>
         </datafield>
         <datafield tag="410" ind1="2" ind2=" ">
            <subfield code="a">Berkshire Athenaeum, Pittsfield Public Library, Music and Arts Department</subfield>
         </datafield>
         <datafield tag="622" ind1=" " ind2=" ">
            <subfield code="e">Berkshire Athenaeum, 1 Wendell Ave., US-Pittsfield, MA 01201, Vereinigte Staaten</subfield>
         </datafield>
      </record>