
      <record>
         <leader>00000nz  a2200169   4500</leader>
         <controlfield tag="001">30002405</controlfield>
         <controlfield tag="003">RISM</controlfield>
         <controlfield tag="005">20160216</controlfield>
         <controlfield tag="008">160216n||az|||||||##########||||||||||||</controlfield>
         <datafield tag="040" ind1=" " ind2=" ">
            <subfield code="a">US-PHalbrecht</subfield>
         </datafield>
         <datafield tag="043" ind1=" " ind2=" ">
            <subfield code="c">XD-US</subfield>
         </datafield>
         <datafield tag="110" ind1="2" ind2=" ">
            <subfield code="a">Otto E. Albrecht private collection</subfield>
            <subfield code="c">Philadelphia, PA</subfield>
            <subfield code="g">US-PHalbrecht</subfield>
         </datafield>
         <datafield tag="580" ind1=" " ind2=" ">
            <subfield code="x">US-PHu</subfield>
            <subfield code="0">30002433</subfield>
         </datafield>
      </record>