
      <record>
         <leader>00000nz  a2200169   4500</leader>
         <controlfield tag="001">30003193</controlfield>
         <controlfield tag="003">RISM</controlfield>
         <controlfield tag="005">20160216</controlfield>
         <controlfield tag="008">160216n||az|||||||##########||||||||||||</controlfield>
         <datafield tag="040" ind1=" " ind2=" ">
            <subfield code="a">US-PHbs</subfield>
         </datafield>
         <datafield tag="043" ind1=" " ind2=" ">
            <subfield code="c">XD-US</subfield>
         </datafield>
         <datafield tag="110" ind1="2" ind2=" ">
            <subfield code="a">William Bacon Stevens Library of the School of Divinity of the Protestant Episcopal Church</subfield>
            <subfield code="c">Philadelphia, PA</subfield>
            <subfield code="g">US-PHbs</subfield>
         </datafield>
         <datafield tag="410" ind1="2" ind2=" ">
            <subfield code="a">William Bacon Stevens Library</subfield>
         </datafield>
         <datafield tag="622" ind1=" " ind2=" ">
            <subfield code="e">William Bacon Stevens Library of the, School of Divinity of the Protestant, Episcopal Church, Philadelphia, PA, Vereinigte Staaten</subfield>
         </datafield>
      </record>