
      <record>
         <leader>00000nz  a2200169   4500</leader>
         <controlfield tag="001">30002411</controlfield>
         <controlfield tag="003">RISM</controlfield>
         <controlfield tag="005">20160216</controlfield>
         <controlfield tag="008">160216n||az|||||||##########||||||||||||</controlfield>
         <datafield tag="040" ind1=" " ind2=" ">
            <subfield code="a">US-PHcp</subfield>
         </datafield>
         <datafield tag="043" ind1=" " ind2=" ">
            <subfield code="c">XD-US</subfield>
         </datafield>
         <datafield tag="110" ind1="2" ind2=" ">
            <subfield code="a">College of Physicians Library</subfield>
            <subfield code="c">Philadelphia, PA</subfield>
            <subfield code="g">US-PHcp</subfield>
         </datafield>
         <datafield tag="410" ind1="2" ind2=" ">
            <subfield code="a">College of Physicians of Philadelphia Library</subfield>
         </datafield>
         <datafield tag="410" ind1="2" ind2=" ">
            <subfield code="a">Library of the College of Physicians</subfield>
         </datafield>
         <datafield tag="622" ind1=" " ind2=" ">
            <subfield code="e">College of Physicians Library, 19 S 22nd St., US-Philadelphia, PA 19103, Vereinigte Staaten</subfield>
         </datafield>
      </record>