
      <record>
         <leader>00000nz  a2200169   4500</leader>
         <controlfield tag="001">30002414</controlfield>
         <controlfield tag="003">RISM</controlfield>
         <controlfield tag="005">20160216</controlfield>
         <controlfield tag="008">160216n||az|||||||##########||||||||||||</controlfield>
         <datafield tag="040" ind1=" " ind2=" ">
            <subfield code="a">US-PHf</subfield>
         </datafield>
         <datafield tag="043" ind1=" " ind2=" ">
            <subfield code="c">XD-US</subfield>
         </datafield>
         <datafield tag="110" ind1="2" ind2=" ">
            <subfield code="a">Free Library of Philadelphia, Music Department</subfield>
            <subfield code="c">Philadelphia, PA</subfield>
            <subfield code="g">US-PHf</subfield>
         </datafield>
         <datafield tag="622" ind1=" " ind2=" ">
            <subfield code="e">Free Library of Philadelphia, Music, Department, Logan Sq., Philadelphia, PA 19103, USA</subfield>
            <subfield code="u">http://www.library.phila.gov/</subfield>
         </datafield>
      </record>