
      <record>
         <leader>00000nz  a2200169   4500</leader>
         <controlfield tag="001">30002415</controlfield>
         <controlfield tag="003">RISM</controlfield>
         <controlfield tag="005">20160216</controlfield>
         <controlfield tag="008">160216n||az|||||||##########||||||||||||</controlfield>
         <datafield tag="040" ind1=" " ind2=" ">
            <subfield code="a">US-PHfi</subfield>
         </datafield>
         <datafield tag="043" ind1=" " ind2=" ">
            <subfield code="c">XD-US</subfield>
         </datafield>
         <datafield tag="110" ind1="2" ind2=" ">
            <subfield code="a">The Franklin Institute</subfield>
            <subfield code="c">Philadelphia, PA</subfield>
            <subfield code="g">US-PHfi</subfield>
         </datafield>
         <datafield tag="410" ind1="2" ind2=" ">
            <subfield code="a">Franklin Institute Library</subfield>
         </datafield>
         <datafield tag="622" ind1=" " ind2=" ">
            <subfield code="e">The Franklin Institute, 20th St. and Benjamin Franklin Pkwy.,, US-Philadelphia, PA 19103, Vereinigte Staaten</subfield>
         </datafield>
      </record>