
      <record>
         <leader>00000nz  a2200169   4500</leader>
         <controlfield tag="001">30002416</controlfield>
         <controlfield tag="003">RISM</controlfield>
         <controlfield tag="005">20160216</controlfield>
         <controlfield tag="008">160216n||az|||||||##########||||||||||||</controlfield>
         <datafield tag="040" ind1=" " ind2=" ">
            <subfield code="a">US-PHgc</subfield>
         </datafield>
         <datafield tag="043" ind1=" " ind2=" ">
            <subfield code="c">XD-US</subfield>
         </datafield>
         <datafield tag="110" ind1="2" ind2=" ">
            <subfield code="a">Gratz College</subfield>
            <subfield code="c">Philadelphia, PA</subfield>
            <subfield code="g">US-PHgc</subfield>
         </datafield>
         <datafield tag="410" ind1="2" ind2=" ">
            <subfield code="a">Gratz College, Abner and Mary Schreiber Jewish Music Library</subfield>
         </datafield>
         <datafield tag="622" ind1=" " ind2=" ">
            <subfield code="e">Gratz College, 10th St. &amp; Tabor Rd., US-Philadelphia,, PA 19141, Vereinigte Staaten</subfield>
         </datafield>
      </record>