
      <record>
         <leader>00000nz  a2200169   4500</leader>
         <controlfield tag="001">30002417</controlfield>
         <controlfield tag="003">RISM</controlfield>
         <controlfield tag="005">20160216</controlfield>
         <controlfield tag="008">160216n||az|||||||##########||||||||||||</controlfield>
         <datafield tag="040" ind1=" " ind2=" ">
            <subfield code="a">US-PHgh</subfield>
         </datafield>
         <datafield tag="043" ind1=" " ind2=" ">
            <subfield code="c">XD-US</subfield>
         </datafield>
         <datafield tag="110" ind1="2" ind2=" ">
            <subfield code="a">Germantown Historical Society</subfield>
            <subfield code="c">Philadelphia, PA</subfield>
            <subfield code="g">US-PHgh</subfield>
         </datafield>
         <datafield tag="410" ind1="2" ind2=" ">
            <subfield code="a">Germantown Historical Society Library</subfield>
         </datafield>
         <datafield tag="622" ind1=" " ind2=" ">
            <subfield code="e">Germantown Historical Society, 5208 Germantown Ave., US-Philadelphia,, PA 19144, Vereinigte Staaten</subfield>
         </datafield>
      </record>