
      <record>
         <leader>00000nz  a2200169   4500</leader>
         <controlfield tag="001">30002418</controlfield>
         <controlfield tag="003">RISM</controlfield>
         <controlfield tag="005">20160216</controlfield>
         <controlfield tag="008">160216n||az|||||||##########||||||||||||</controlfield>
         <datafield tag="040" ind1=" " ind2=" ">
            <subfield code="a">US-PHgl</subfield>
         </datafield>
         <datafield tag="043" ind1=" " ind2=" ">
            <subfield code="c">XD-US</subfield>
         </datafield>
         <datafield tag="110" ind1="2" ind2=" ">
            <subfield code="a">Grand Lodge, Free and Accepted Masons</subfield>
            <subfield code="c">Philadelphia, PA</subfield>
            <subfield code="g">US-PHgl</subfield>
         </datafield>
         <datafield tag="410" ind1="2" ind2=" ">
            <subfield code="a">Grand Lodge of Free and Accepted Masons of Pennsylvania, Library and Museum</subfield>
         </datafield>
         <datafield tag="622" ind1=" " ind2=" ">
            <subfield code="e">Grand Lodge, Free and Accepted Masons, Masonic Temple, 1 N Broad St., US, -Philadelphia, PA 19107, Vereinigte Staaten</subfield>
         </datafield>
      </record>