
      <record>
         <leader>00000nz  a2200169   4500</leader>
         <controlfield tag="001">30002421</controlfield>
         <controlfield tag="003">RISM</controlfield>
         <controlfield tag="005">20160216</controlfield>
         <controlfield tag="008">160216n||az|||||||##########||||||||||||</controlfield>
         <datafield tag="040" ind1=" " ind2=" ">
            <subfield code="a">US-PHlc</subfield>
         </datafield>
         <datafield tag="043" ind1=" " ind2=" ">
            <subfield code="c">XD-US</subfield>
         </datafield>
         <datafield tag="110" ind1="2" ind2=" ">
            <subfield code="a">Library Company of Philadelphia</subfield>
            <subfield code="c">Philadelphia, PA</subfield>
            <subfield code="g">US-PHlc</subfield>
         </datafield>
         <datafield tag="622" ind1=" " ind2=" ">
            <subfield code="e">Library Company of Philadelphia, 1314 Locust St., US-Philadelphia, PA, 19107, Vereinigte Staaten</subfield>
         </datafield>
      </record>