
      <record>
         <leader>00000nz  a2200169   4500</leader>
         <controlfield tag="001">30002422</controlfield>
         <controlfield tag="003">RISM</controlfield>
         <controlfield tag="005">20160216</controlfield>
         <controlfield tag="008">160216n||az|||||||##########||||||||||||</controlfield>
         <datafield tag="040" ind1=" " ind2=" ">
            <subfield code="a">US-PHma</subfield>
         </datafield>
         <datafield tag="043" ind1=" " ind2=" ">
            <subfield code="c">XD-US</subfield>
         </datafield>
         <datafield tag="110" ind1="2" ind2=" ">
            <subfield code="a">Philadelphia College of the Performing Arts</subfield>
            <subfield code="c">Philadelphia, PA</subfield>
            <subfield code="g">US-PHma</subfield>
         </datafield>
         <datafield tag="410" ind1="2" ind2=" ">
            <subfield code="a">Philadelphia Musical Academy</subfield>
         </datafield>
         <datafield tag="622" ind1=" " ind2=" ">
            <subfield code="e">Philadelphia College of the Performing, Arts, 250 S Broad St., US-Philadelphia, PA, 19102, Vereinigte Staaten</subfield>
         </datafield>
      </record>