
      <record>
         <leader>00000nz  a2200169   4500</leader>
         <controlfield tag="001">30002427</controlfield>
         <controlfield tag="003">RISM</controlfield>
         <controlfield tag="005">20160216</controlfield>
         <controlfield tag="008">160216n||az|||||||##########||||||||||||</controlfield>
         <datafield tag="040" ind1=" " ind2=" ">
            <subfield code="a">US-PHps</subfield>
         </datafield>
         <datafield tag="043" ind1=" " ind2=" ">
            <subfield code="c">XD-US</subfield>
         </datafield>
         <datafield tag="110" ind1="2" ind2=" ">
            <subfield code="a">American Philosophical Society Library</subfield>
            <subfield code="c">Philadelphia, PA</subfield>
            <subfield code="g">US-PHps</subfield>
         </datafield>
         <datafield tag="622" ind1=" " ind2=" ">
            <subfield code="e">American Philosophical Society Library, 105 South Fifth St., Philadelphia, PA 19106, USA</subfield>
            <subfield code="u">http://www.amphilsoc.org/</subfield>
         </datafield>
      </record>