
      <record>
         <leader>00000nz  a2200169   4500</leader>
         <controlfield tag="001">30002428</controlfield>
         <controlfield tag="003">RISM</controlfield>
         <controlfield tag="005">20160216</controlfield>
         <controlfield tag="008">160216n||az|||||||##########||||||||||||</controlfield>
         <datafield tag="040" ind1=" " ind2=" ">
            <subfield code="a">US-PHr</subfield>
         </datafield>
         <datafield tag="043" ind1=" " ind2=" ">
            <subfield code="c">XD-US</subfield>
         </datafield>
         <datafield tag="110" ind1="2" ind2=" ">
            <subfield code="a">The Philip H. and A. S. W. Rosenbach Foundation</subfield>
            <subfield code="c">Philadelphia, PA</subfield>
            <subfield code="g">US-PHr</subfield>
         </datafield>
         <datafield tag="410" ind1="2" ind2=" ">
            <subfield code="a">Philip H. and A. S. W. Rosenbach Foundation Museum and Library</subfield>
         </datafield>
         <datafield tag="410" ind1="2" ind2=" ">
            <subfield code="a">Rosenbach Foundation</subfield>
         </datafield>
         <datafield tag="622" ind1=" " ind2=" ">
            <subfield code="e">The Philip H. and A. S. W. Rosenbach, Foundation, 2010 DeLancey Pl., US-Philadelphia, PA, 19103, Vereinigte Staaten</subfield>
         </datafield>
      </record>