
      <record>
         <leader>00000nz  a2200169   4500</leader>
         <controlfield tag="001">30002433</controlfield>
         <controlfield tag="003">RISM</controlfield>
         <controlfield tag="005">20160216</controlfield>
         <controlfield tag="008">160216n||az|||||||##########||||||||||||</controlfield>
         <datafield tag="040" ind1=" " ind2=" ">
            <subfield code="a">US-PHu</subfield>
         </datafield>
         <datafield tag="043" ind1=" " ind2=" ">
            <subfield code="c">XD-US</subfield>
         </datafield>
         <datafield tag="110" ind1="2" ind2=" ">
            <subfield code="a">University of Pennsylvania Libraries</subfield>
            <subfield code="c">Philadelphia, PA</subfield>
            <subfield code="g">US-PHu</subfield>
         </datafield>
         <datafield tag="410" ind1="2" ind2=" ">
            <subfield code="a">University of Pennsylvania, Otto E. Albrecht Music Library, Van Pelt Library, Rare Book Collection</subfield>
         </datafield>
         <datafield tag="622" ind1=" " ind2=" ">
            <subfield code="e">University of Pennsylvania Libraries, 3420 Walnut St., Philadelphia, PA 19104-6206, USA</subfield>
            <subfield code="u">http://www.library.upenn.edu</subfield>
         </datafield>
      </record>