
      <record>
         <leader>00000nz  a2200169   4500</leader>
         <controlfield tag="001">30002436</controlfield>
         <controlfield tag="003">RISM</controlfield>
         <controlfield tag="005">20160216</controlfield>
         <controlfield tag="008">160216n||az|||||||##########||||||||||||</controlfield>
         <datafield tag="040" ind1=" " ind2=" ">
            <subfield code="a">US-PIlevy</subfield>
         </datafield>
         <datafield tag="043" ind1=" " ind2=" ">
            <subfield code="c">XD-US</subfield>
         </datafield>
         <datafield tag="110" ind1="2" ind2=" ">
            <subfield code="a">Lester S. Levy private collection</subfield>
            <subfield code="c">Pikesville, MD</subfield>
            <subfield code="g">US-PIlevy</subfield>
         </datafield>
         <datafield tag="622" ind1=" " ind2=" ">
            <subfield code="e">Lester S. Levy private collection, 2 Slade Ave., US-Pikesville, MD 21208, Vereinigte Staaten</subfield>
         </datafield>
      </record>