
      <record>
         <leader>00000nz  a2200169   4500</leader>
         <controlfield tag="001">30002437</controlfield>
         <controlfield tag="003">RISM</controlfield>
         <controlfield tag="005">20160216</controlfield>
         <controlfield tag="008">160216n||az|||||||##########||||||||||||</controlfield>
         <datafield tag="040" ind1=" " ind2=" ">
            <subfield code="a">US-PL</subfield>
         </datafield>
         <datafield tag="043" ind1=" " ind2=" ">
            <subfield code="c">XD-US</subfield>
         </datafield>
         <datafield tag="110" ind1="2" ind2=" ">
            <subfield code="a">Library Association of Portland, Music Department</subfield>
            <subfield code="c">Portland, OR</subfield>
            <subfield code="g">US-PL</subfield>
         </datafield>
         <datafield tag="410" ind1="2" ind2=" ">
            <subfield code="a">Library Association of Portland, Henry Failing Art and Music Department</subfield>
         </datafield>
         <datafield tag="622" ind1=" " ind2=" ">
            <subfield code="e">Library Association of Portland, Music, Department, 801 SW 10th Ave., US-Portland, OR 97205, Vereinigte Staaten</subfield>
         </datafield>
      </record>