
      <record>
         <leader>00000nz  a2200169   4500</leader>
         <controlfield tag="001">30004275</controlfield>
         <controlfield tag="003">RISM</controlfield>
         <controlfield tag="005">20160216</controlfield>
         <controlfield tag="008">160216n||az|||||||##########||||||||||||</controlfield>
         <datafield tag="040" ind1=" " ind2=" ">
            <subfield code="a">US-PLY</subfield>
         </datafield>
         <datafield tag="043" ind1=" " ind2=" ">
            <subfield code="c">XD-US</subfield>
         </datafield>
         <datafield tag="110" ind1="2" ind2=" ">
            <subfield code="a">Pilgrim Society, Pilgrim Hall Library</subfield>
            <subfield code="c">Plymouth, MA</subfield>
            <subfield code="g">US-PLY</subfield>
         </datafield>
         <datafield tag="622" ind1=" " ind2=" ">
            <subfield code="e">Pilgrim Society, Pilgrim Hall Library, 75 Court St., US-Plymouth, MA 02360, Vereinigte Staaten</subfield>
         </datafield>
      </record>