
      <record>
         <leader>00000nz  a2200169   4500</leader>
         <controlfield tag="001">30000312</controlfield>
         <controlfield tag="003">RISM</controlfield>
         <controlfield tag="005">20160216</controlfield>
         <controlfield tag="008">160216n||az|||||||##########||||||||||||</controlfield>
         <datafield tag="040" ind1=" " ind2=" ">
            <subfield code="a">US-PO</subfield>
         </datafield>
         <datafield tag="043" ind1=" " ind2=" ">
            <subfield code="c">XD-US</subfield>
         </datafield>
         <datafield tag="110" ind1="2" ind2=" ">
            <subfield code="a">Vassar College, George Sherman Dickinson Music Library</subfield>
            <subfield code="c">Poughkeepsie, NY</subfield>
            <subfield code="g">US-PO</subfield>
         </datafield>
         <datafield tag="622" ind1=" " ind2=" ">
            <subfield code="e">Vassar College, George Sherman Dickinson,  Music Library, P.O. Box 38, 124 Raymond Ave., Poughkeepsie, NY 12604-0038, USA</subfield>
            <subfield code="u">http://musiclibrary.vassar.edu/</subfield>
         </datafield>
      </record>