
      <record>
         <leader>00000nz  a2200169   4500</leader>
         <controlfield tag="001">30002445</controlfield>
         <controlfield tag="003">RISM</controlfield>
         <controlfield tag="005">20160216</controlfield>
         <controlfield tag="008">160216n||az|||||||##########||||||||||||</controlfield>
         <datafield tag="040" ind1=" " ind2=" ">
            <subfield code="a">US-PROhs</subfield>
         </datafield>
         <datafield tag="043" ind1=" " ind2=" ">
            <subfield code="c">XD-US</subfield>
         </datafield>
         <datafield tag="110" ind1="2" ind2=" ">
            <subfield code="a">Rhode Island Historical Society Library</subfield>
            <subfield code="c">Providence, RI</subfield>
            <subfield code="g">US-PROhs</subfield>
         </datafield>
         <datafield tag="410" ind1="2" ind2=" ">
            <subfield code="a">Rhode Island Historical Society</subfield>
         </datafield>
         <datafield tag="622" ind1=" " ind2=" ">
            <subfield code="e">Rhode Island Historical Society Library, 121 Hope St., US-Providence, RI 02906, Vereinigte Staaten</subfield>
         </datafield>
      </record>