
      <record>
         <leader>00000nz  a2200169   4500</leader>
         <controlfield tag="001">30080567</controlfield>
         <controlfield tag="003">RISM</controlfield>
         <controlfield tag="005">20160216</controlfield>
         <controlfield tag="008">160216n||az|||||||##########||||||||||||</controlfield>
         <datafield tag="040" ind1=" " ind2=" ">
            <subfield code="a">US-PROpl</subfield>
         </datafield>
         <datafield tag="043" ind1=" " ind2=" ">
            <subfield code="c">XD-US</subfield>
         </datafield>
         <datafield tag="110" ind1="2" ind2=" ">
            <subfield code="a">Public Library, Special Collections</subfield>
            <subfield code="c">Providence, RI</subfield>
            <subfield code="g">US-PROpl</subfield>
         </datafield>
         <datafield tag="622" ind1=" " ind2=" ">
            <subfield code="e">Public Library, Special Collections, 150 Empire Street, Providence, RI 02903, USA</subfield>
            <subfield code="u">http://www.provlib.org/special-collections</subfield>
         </datafield>
      </record>