
      <record>
         <leader>00000nz  a2200169   4500</leader>
         <controlfield tag="001">30002446</controlfield>
         <controlfield tag="003">RISM</controlfield>
         <controlfield tag="005">20160216</controlfield>
         <controlfield tag="008">160216n||az|||||||##########||||||||||||</controlfield>
         <datafield tag="040" ind1=" " ind2=" ">
            <subfield code="a">US-PROu</subfield>
         </datafield>
         <datafield tag="043" ind1=" " ind2=" ">
            <subfield code="c">XD-US</subfield>
         </datafield>
         <datafield tag="110" ind1="2" ind2=" ">
            <subfield code="a">Brown University Libraries</subfield>
            <subfield code="c">Providence, RI</subfield>
            <subfield code="g">US-PROu</subfield>
         </datafield>
         <datafield tag="622" ind1=" " ind2=" ">
            <subfield code="e">Brown University Libraries, Providence (R.I.), Vereinigte Staaten</subfield>
         </datafield>
      </record>