
      <record>
         <leader>00000nz  a2200169   4500</leader>
         <controlfield tag="001">30002439</controlfield>
         <controlfield tag="003">RISM</controlfield>
         <controlfield tag="005">20160216</controlfield>
         <controlfield tag="008">160216n||az|||||||##########||||||||||||</controlfield>
         <datafield tag="040" ind1=" " ind2=" ">
            <subfield code="a">US-PRs</subfield>
         </datafield>
         <datafield tag="043" ind1=" " ind2=" ">
            <subfield code="c">XD-US</subfield>
         </datafield>
         <datafield tag="110" ind1="2" ind2=" ">
            <subfield code="a">Princeton Theological Seminary, Speer Library</subfield>
            <subfield code="c">Princeton, NJ</subfield>
            <subfield code="g">US-PRs</subfield>
         </datafield>
         <datafield tag="410" ind1="2" ind2=" ">
            <subfield code="a">Theological Seminary</subfield>
         </datafield>
         <datafield tag="410" ind1="2" ind2=" ">
            <subfield code="a">Speer Library, Princeton Theological Seminary</subfield>
         </datafield>
         <datafield tag="622" ind1=" " ind2=" ">
            <subfield code="e">Princeton Theological Seminary, Speer, Library, Mercer St., and Library Pl. (mail, address: Box 111), US-Princeton, NJ, 08540, Vereinigte Staaten</subfield>
         </datafield>
      </record>