
      <record>
         <leader>00000nz  a2200169   4500</leader>
         <controlfield tag="001">30002447</controlfield>
         <controlfield tag="003">RISM</controlfield>
         <controlfield tag="005">20160216</controlfield>
         <controlfield tag="008">160216n||az|||||||##########||||||||||||</controlfield>
         <datafield tag="040" ind1=" " ind2=" ">
            <subfield code="a">US-PRV</subfield>
         </datafield>
         <datafield tag="043" ind1=" " ind2=" ">
            <subfield code="c">XD-US</subfield>
         </datafield>
         <datafield tag="110" ind1="2" ind2=" ">
            <subfield code="a">Brigham Young University, Harold B. Lee Library, Humanities Reference, Music</subfield>
            <subfield code="c">Provo, UT</subfield>
            <subfield code="g">US-PRV</subfield>
         </datafield>
         <datafield tag="622" ind1=" " ind2=" ">
            <subfield code="e">Brigham Young University, Harold B. Lee,  Library, Humanities Reference, Music, P.O. Box 26800, Provo, UT 84602-6800, USA</subfield>
            <subfield code="u">http://guides.lib.byu.edu/music</subfield>
         </datafield>
      </record>