
      <record>
         <leader>00000nz  a2200169   4500</leader>
         <controlfield tag="001">30077391</controlfield>
         <controlfield tag="003">RISM</controlfield>
         <controlfield tag="005">20160216</controlfield>
         <controlfield tag="008">160216n||az|||||||##########||||||||||||</controlfield>
         <datafield tag="040" ind1=" " ind2=" ">
            <subfield code="a">US-PRVva</subfield>
         </datafield>
         <datafield tag="043" ind1=" " ind2=" ">
            <subfield code="c">US</subfield>
         </datafield>
         <datafield tag="110" ind1="2" ind2=" ">
            <subfield code="a">Primrose International Viola Archive</subfield>
            <subfield code="c">Provo, UT</subfield>
            <subfield code="g">US-PRVva</subfield>
         </datafield>
         <datafield tag="580" ind1=" " ind2=" ">
            <subfield code="x">US-PRV</subfield>
            <subfield code="0">30002447</subfield>
         </datafield>
         <datafield tag="622" ind1=" " ind2=" ">
            <subfield code="u">http://music.lib.byu.edu/piva/PIVAhome.htm</subfield>
         </datafield>
      </record>