
      <record>
         <leader>00000nz  a2200169   4500</leader>
         <controlfield tag="001">30002443</controlfield>
         <controlfield tag="003">RISM</controlfield>
         <controlfield tag="005">20160216</controlfield>
         <controlfield tag="008">160216n||az|||||||##########||||||||||||</controlfield>
         <datafield tag="040" ind1=" " ind2=" ">
            <subfield code="a">US-PRw</subfield>
         </datafield>
         <datafield tag="043" ind1=" " ind2=" ">
            <subfield code="c">XD-US</subfield>
         </datafield>
         <datafield tag="110" ind1="2" ind2=" ">
            <subfield code="a">Westminster Choir College</subfield>
            <subfield code="c">Princeton, NJ</subfield>
            <subfield code="g">US-PRw</subfield>
         </datafield>
         <datafield tag="410" ind1="2" ind2=" ">
            <subfield code="a">Westminster Choir College, Talbott Library</subfield>
         </datafield>
         <datafield tag="622" ind1=" " ind2=" ">
            <subfield code="e">Westminster Choir College, Hamilton Ave. at Walnut Lane, US, -Princeton, NJ 08540, Vereinigte Staaten</subfield>
         </datafield>
      </record>