
      <record>
         <leader>00000nz  a2200169   4500</leader>
         <controlfield tag="001">30002399</controlfield>
         <controlfield tag="003">RISM</controlfield>
         <controlfield tag="005">20160216</controlfield>
         <controlfield tag="008">160216n||az|||||||##########||||||||||||</controlfield>
         <datafield tag="040" ind1=" " ind2=" ">
            <subfield code="a">US-Ps</subfield>
         </datafield>
         <datafield tag="043" ind1=" " ind2=" ">
            <subfield code="c">XD-US</subfield>
         </datafield>
         <datafield tag="110" ind1="2" ind2=" ">
            <subfield code="a">Theological Seminary, Clifford E. Barbour Library</subfield>
            <subfield code="c">Pittsburgh, PA</subfield>
            <subfield code="g">US-Ps</subfield>
         </datafield>
         <datafield tag="410" ind1="2" ind2=" ">
            <subfield code="a">Pittsburgh Theological Seminary Library</subfield>
         </datafield>
         <datafield tag="410" ind1="2" ind2=" ">
            <subfield code="a">Western Theological Seminary</subfield>
         </datafield>
         <datafield tag="622" ind1=" " ind2=" ">
            <subfield code="e">Theological Seminary, Clifford E., Barbour Library, 616 N Highland Ave., US-Pittsburgh, PA, 15206, Vereinigte Staaten</subfield>
         </datafield>
      </record>