
      <record>
         <leader>00000nz  a2200169   4500</leader>
         <controlfield tag="001">30061533</controlfield>
         <controlfield tag="003">RISM</controlfield>
         <controlfield tag="005">20160216</controlfield>
         <controlfield tag="008">160216n||az|||||||##########||||||||||||</controlfield>
         <datafield tag="040" ind1=" " ind2=" ">
            <subfield code="a">US-PULwsu</subfield>
         </datafield>
         <datafield tag="043" ind1=" " ind2=" ">
            <subfield code="c">XD-US</subfield>
         </datafield>
         <datafield tag="110" ind1="2" ind2=" ">
            <subfield code="a">Washington State University Libraries: Manuscripts, Archives and Special Collections</subfield>
            <subfield code="c">Pullman, WA</subfield>
            <subfield code="g">US-PULwsu</subfield>
         </datafield>
         <datafield tag="622" ind1=" " ind2=" ">
            <subfield code="e">Washington State University Libraries:,  Manuscripts, Archives and Special,  Collections, P.O. Box 645610, Pullman, WA 99164-5610, USA</subfield>
            <subfield code="u">http://www.wsulibs.wsu.edu/content/masc-home?utm_source=wsu&amp;utm_medium=undefined&amp;utm_campaign=undefined&amp;utm_term=undefined&amp;utm_content=undefined</subfield>
         </datafield>
      </record>