
      <record>
         <leader>00000nz  a2200169   4500</leader>
         <controlfield tag="001">30002448</controlfield>
         <controlfield tag="003">RISM</controlfield>
         <controlfield tag="005">20160216</controlfield>
         <controlfield tag="008">160216n||az|||||||##########||||||||||||</controlfield>
         <datafield tag="040" ind1=" " ind2=" ">
            <subfield code="a">US-PUm</subfield>
         </datafield>
         <datafield tag="043" ind1=" " ind2=" ">
            <subfield code="c">XD-US</subfield>
         </datafield>
         <datafield tag="110" ind1="2" ind2=" ">
            <subfield code="a">Manhattanville College of the Sared Heart</subfield>
            <subfield code="c">Purchase, NY</subfield>
            <subfield code="g">US-PUm</subfield>
         </datafield>
         <datafield tag="410" ind1="2" ind2=" ">
            <subfield code="a">Manhattanville College Library</subfield>
         </datafield>
         <datafield tag="622" ind1=" " ind2=" ">
            <subfield code="e">Manhattanville College of the Sared, Heart, US-Purchase, NY 10577, Vereinigte Staaten</subfield>
         </datafield>
      </record>