
      <record>
         <leader>00000nz  a2200169   4500</leader>
         <controlfield tag="001">30004278</controlfield>
         <controlfield tag="003">RISM</controlfield>
         <controlfield tag="005">20160216</controlfield>
         <controlfield tag="008">160216n||az|||||||##########||||||||||||</controlfield>
         <datafield tag="040" ind1=" " ind2=" ">
            <subfield code="a">US-PUu</subfield>
         </datafield>
         <datafield tag="043" ind1=" " ind2=" ">
            <subfield code="c">XD-US</subfield>
         </datafield>
         <datafield tag="110" ind1="2" ind2=" ">
            <subfield code="a">State University of New York, College at Purchase, Library</subfield>
            <subfield code="c">Purchase, NY</subfield>
            <subfield code="g">US-PUu</subfield>
         </datafield>
         <datafield tag="622" ind1=" " ind2=" ">
            <subfield code="e">State University of New York, College, at Purchase, Library, US-Purchase, NY 10577, Vereinigte Staaten</subfield>
         </datafield>
      </record>