
      <record>
         <leader>00000nz  a2200169   4500</leader>
         <controlfield tag="001">30004270</controlfield>
         <controlfield tag="003">RISM</controlfield>
         <controlfield tag="005">20160216</controlfield>
         <controlfield tag="008">160216n||az|||||||##########||||||||||||</controlfield>
         <datafield tag="040" ind1=" " ind2=" ">
            <subfield code="a">US-PXp</subfield>
         </datafield>
         <datafield tag="043" ind1=" " ind2=" ">
            <subfield code="c">XD-US</subfield>
         </datafield>
         <datafield tag="110" ind1="2" ind2=" ">
            <subfield code="a">Phoenix Public Library, Fine Arts and Recreation Department</subfield>
            <subfield code="c">Phoenix, AZ</subfield>
            <subfield code="g">US-PXp</subfield>
         </datafield>
         <datafield tag="622" ind1=" " ind2=" ">
            <subfield code="e">Phoenix Public Library, Fine Arts and, Recreation Department, 12 E McDowell Rd., US-Phoenix, AZ 85004, Vereinigte Staaten</subfield>
         </datafield>
      </record>