
      <record>
         <leader>00000nz  a2200169   4500</leader>
         <controlfield tag="001">30002449</controlfield>
         <controlfield tag="003">RISM</controlfield>
         <controlfield tag="005">20160216</controlfield>
         <controlfield tag="008">160216n||az|||||||##########||||||||||||</controlfield>
         <datafield tag="040" ind1=" " ind2=" ">
            <subfield code="a">US-Qressler</subfield>
         </datafield>
         <datafield tag="043" ind1=" " ind2=" ">
            <subfield code="c">XD-US</subfield>
         </datafield>
         <datafield tag="110" ind1="2" ind2=" ">
            <subfield code="a">Martin Ressler private collection</subfield>
            <subfield code="c">Quarryville, PA</subfield>
            <subfield code="g">US-Qressler</subfield>
         </datafield>
         <datafield tag="622" ind1=" " ind2=" ">
            <subfield code="e">Martin Ressler private collection, R. D. 2, Box 173, US-Quarryville, PA, 17566, Vereinigte Staaten</subfield>
         </datafield>
      </record>