
      <record>
         <leader>00000nz  a2200169   4500</leader>
         <controlfield tag="001">30002450</controlfield>
         <controlfield tag="003">RISM</controlfield>
         <controlfield tag="005">20160216</controlfield>
         <controlfield tag="008">160216n||az|||||||##########||||||||||||</controlfield>
         <datafield tag="040" ind1=" " ind2=" ">
            <subfield code="a">US-R</subfield>
         </datafield>
         <datafield tag="043" ind1=" " ind2=" ">
            <subfield code="c">XD-US</subfield>
         </datafield>
         <datafield tag="110" ind1="2" ind2=" ">
            <subfield code="a">Sibley Music Library, Eastman School of Music, University of Rochester</subfield>
            <subfield code="c">Rochester, NY</subfield>
            <subfield code="g">US-R</subfield>
         </datafield>
         <datafield tag="622" ind1=" " ind2=" ">
            <subfield code="e">Sibley Music Library, Eastman School of, Music, University of Rochester, 27 Gibbs St., Rochester, NY 14604, USA</subfield>
            <subfield code="u">http://www.esm.rochester.edu/</subfield>
         </datafield>
      </record>