
      <record>
         <leader>00000nz  a2200169   4500</leader>
         <controlfield tag="001">30002451</controlfield>
         <controlfield tag="003">RISM</controlfield>
         <controlfield tag="005">20160216</controlfield>
         <controlfield tag="008">160216n||az|||||||##########||||||||||||</controlfield>
         <datafield tag="040" ind1=" " ind2=" ">
            <subfield code="a">US-Rcr</subfield>
         </datafield>
         <datafield tag="043" ind1=" " ind2=" ">
            <subfield code="c">XD-US</subfield>
         </datafield>
         <datafield tag="110" ind1="2" ind2=" ">
            <subfield code="a">Colgate-Rochester Divinity School</subfield>
            <subfield code="c">Rochester, NY</subfield>
            <subfield code="g">US-Rcr</subfield>
         </datafield>
         <datafield tag="410" ind1="2" ind2=" ">
            <subfield code="a">Colgate Rochester Divinity School/Bexley Hall/Crozer Theological Seminaries, Ambrose Swasey Library</subfield>
         </datafield>
         <datafield tag="622" ind1=" " ind2=" ">
            <subfield code="e">Colgate-Rochester Divinity School, 1100 S. Goodman St., US-Rochester, NY, 14620, Vereinigte Staaten</subfield>
         </datafield>
      </record>