
      <record>
         <leader>00000nz  a2200169   4500</leader>
         <controlfield tag="001">30002452</controlfield>
         <controlfield tag="003">RISM</controlfield>
         <controlfield tag="005">20160216</controlfield>
         <controlfield tag="008">160216n||az|||||||##########||||||||||||</controlfield>
         <datafield tag="040" ind1=" " ind2=" ">
            <subfield code="a">US-RI</subfield>
         </datafield>
         <datafield tag="043" ind1=" " ind2=" ">
            <subfield code="c">XD-US</subfield>
         </datafield>
         <datafield tag="110" ind1="2" ind2=" ">
            <subfield code="a">Virginia State Library</subfield>
            <subfield code="c">Richmond, VA</subfield>
            <subfield code="g">US-RI</subfield>
         </datafield>
         <datafield tag="622" ind1=" " ind2=" ">
            <subfield code="e">Virginia State Library, Capitol St., US-Richmond, VA 23219, Vereinigte Staaten</subfield>
         </datafield>
      </record>