
      <record>
         <leader>00000nz  a2200169   4500</leader>
         <controlfield tag="001">30002453</controlfield>
         <controlfield tag="003">RISM</controlfield>
         <controlfield tag="005">20160216</controlfield>
         <controlfield tag="008">160216n||az|||||||##########||||||||||||</controlfield>
         <datafield tag="040" ind1=" " ind2=" ">
            <subfield code="a">US-RIhs</subfield>
         </datafield>
         <datafield tag="043" ind1=" " ind2=" ">
            <subfield code="c">XD-US</subfield>
         </datafield>
         <datafield tag="110" ind1="2" ind2=" ">
            <subfield code="a">Virginia Historical Society</subfield>
            <subfield code="c">Richmond, VA</subfield>
            <subfield code="g">US-RIhs</subfield>
         </datafield>
         <datafield tag="410" ind1="2" ind2=" ">
            <subfield code="a">Virginia Historical Society Library</subfield>
         </datafield>
         <datafield tag="622" ind1=" " ind2=" ">
            <subfield code="e">Virginia Historical Society, 428 North Blvd., (mail address: Box, 7311), US-Richmond, VA 23221, Vereinigte Staaten</subfield>
         </datafield>
      </record>