
      <record>
         <leader>00000nz  a2200169   4500</leader>
         <controlfield tag="001">30002454</controlfield>
         <controlfield tag="003">RISM</controlfield>
         <controlfield tag="005">20160216</controlfield>
         <controlfield tag="008">160216n||az|||||||##########||||||||||||</controlfield>
         <datafield tag="040" ind1=" " ind2=" ">
            <subfield code="a">US-RIvm</subfield>
         </datafield>
         <datafield tag="043" ind1=" " ind2=" ">
            <subfield code="c">XD-US</subfield>
         </datafield>
         <datafield tag="110" ind1="2" ind2=" ">
            <subfield code="a">Valentine Museum</subfield>
            <subfield code="c">Richmond, VA</subfield>
            <subfield code="g">US-RIvm</subfield>
         </datafield>
         <datafield tag="410" ind1="2" ind2=" ">
            <subfield code="a">Valentine Museum research Library</subfield>
         </datafield>
         <datafield tag="622" ind1=" " ind2=" ">
            <subfield code="e">Valentine Museum, 1015 E Clay St., US-Richmond, VA 23219, Vereinigte Staaten</subfield>
         </datafield>
      </record>