
      <record>
         <leader>00000nz  a2200169   4500</leader>
         <controlfield tag="001">30002457</controlfield>
         <controlfield tag="003">RISM</controlfield>
         <controlfield tag="005">20160216</controlfield>
         <controlfield tag="008">160216n||az|||||||##########||||||||||||</controlfield>
         <datafield tag="040" ind1=" " ind2=" ">
            <subfield code="a">US-SA</subfield>
         </datafield>
         <datafield tag="043" ind1=" " ind2=" ">
            <subfield code="c">XD-US</subfield>
         </datafield>
         <datafield tag="110" ind1="2" ind2=" ">
            <subfield code="a">Peabody and Essex Museums, James Duncan Phillips Library</subfield>
            <subfield code="c">Salem, MA</subfield>
            <subfield code="g">US-SA</subfield>
         </datafield>
         <datafield tag="410" ind1="2" ind2=" ">
            <subfield code="a">Essex Institute, James Duncan Phillips Library</subfield>
         </datafield>
         <datafield tag="622" ind1=" " ind2=" ">
            <subfield code="e">Peabody and Essex Museums, James Duncan, Phillips Library, 132-134 Essex St., Salem, MA 01970, USA</subfield>
            <subfield code="u">http://pem.org/</subfield>
         </datafield>
      </record>