
      <record>
         <leader>00000nz  a2200169   4500</leader>
         <controlfield tag="001">30003194</controlfield>
         <controlfield tag="003">RISM</controlfield>
         <controlfield tag="005">20160216</controlfield>
         <controlfield tag="008">160216n||az|||||||##########||||||||||||</controlfield>
         <datafield tag="040" ind1=" " ind2=" ">
            <subfield code="a">US-SAV</subfield>
         </datafield>
         <datafield tag="043" ind1=" " ind2=" ">
            <subfield code="c">XD-US</subfield>
         </datafield>
         <datafield tag="110" ind1="2" ind2=" ">
            <subfield code="a">Georgia Historical Society</subfield>
            <subfield code="c">Savannah, GA</subfield>
            <subfield code="g">US-SAV</subfield>
         </datafield>
         <datafield tag="410" ind1="2" ind2=" ">
            <subfield code="a">Georgia Historical Society Library</subfield>
         </datafield>
         <datafield tag="622" ind1=" " ind2=" ">
            <subfield code="e">Georgia Historical Society, 501 Whitaker St., US-Savannah, GA 31401, Vereinigte Staaten</subfield>
         </datafield>
      </record>