
      <record>
         <leader>00000nz  a2200169   4500</leader>
         <controlfield tag="001">30002458</controlfield>
         <controlfield tag="003">RISM</controlfield>
         <controlfield tag="005">20160216</controlfield>
         <controlfield tag="008">160216n||az|||||||##########||||||||||||</controlfield>
         <datafield tag="040" ind1=" " ind2=" ">
            <subfield code="a">US-SB</subfield>
         </datafield>
         <datafield tag="043" ind1=" " ind2=" ">
            <subfield code="c">XD-US</subfield>
         </datafield>
         <datafield tag="110" ind1="2" ind2=" ">
            <subfield code="a">University of California at Santa Barbara, Library</subfield>
            <subfield code="c">Santa Barbara, CA</subfield>
            <subfield code="g">US-SB</subfield>
         </datafield>
         <datafield tag="410" ind1="2" ind2=" ">
            <subfield code="a">University of California, Santa Barbara, Arts Library</subfield>
         </datafield>
         <datafield tag="410" ind1="2" ind2=" ">
            <subfield code="a">University of California Library</subfield>
         </datafield>
         <datafield tag="622" ind1=" " ind2=" ">
            <subfield code="e">University of California at Santa, Barbara, Library, US-Santa Barbara, CA 93106, Vereinigte Staaten</subfield>
         </datafield>
      </record>