
      <record>
         <leader>00000nz  a2200169   4500</leader>
         <controlfield tag="001">30070362</controlfield>
         <controlfield tag="003">RISM</controlfield>
         <controlfield tag="005">20160216</controlfield>
         <controlfield tag="008">160216n||az|||||||##########||||||||||||</controlfield>
         <datafield tag="040" ind1=" " ind2=" ">
            <subfield code="a">US-SBk</subfield>
         </datafield>
         <datafield tag="043" ind1=" " ind2=" ">
            <subfield code="c">XD-US</subfield>
         </datafield>
         <datafield tag="110" ind1="2" ind2=" ">
            <subfield code="a">The Karpeles Manuscript Library &lt;Santa Barbara, CA&gt;</subfield>
            <subfield code="c">Santa Barbara, CA</subfield>
            <subfield code="g">US-SBk</subfield>
         </datafield>
      </record>