
      <record>
         <leader>00000nz  a2200169   4500</leader>
         <controlfield tag="001">30002459</controlfield>
         <controlfield tag="003">RISM</controlfield>
         <controlfield tag="005">20160216</controlfield>
         <controlfield tag="008">160216n||az|||||||##########||||||||||||</controlfield>
         <datafield tag="040" ind1=" " ind2=" ">
            <subfield code="a">US-SBm</subfield>
         </datafield>
         <datafield tag="043" ind1=" " ind2=" ">
            <subfield code="c">XD-US</subfield>
         </datafield>
         <datafield tag="110" ind1="2" ind2=" ">
            <subfield code="a">Mission Santa Barbara</subfield>
            <subfield code="c">Santa Barbara, CA</subfield>
            <subfield code="g">US-SBm</subfield>
         </datafield>
         <datafield tag="410" ind1="2" ind2=" ">
            <subfield code="a">Mission Santa Barbara, Archive Library</subfield>
         </datafield>
         <datafield tag="622" ind1=" " ind2=" ">
            <subfield code="e">Mission Santa Barbara, Upper Laguna St., US-Santa Barbara, CA, 93105, Vereinigte Staaten</subfield>
         </datafield>
      </record>