
      <record>
         <leader>00000nz  a2200169   4500</leader>
         <controlfield tag="001">30004284</controlfield>
         <controlfield tag="003">RISM</controlfield>
         <controlfield tag="005">20160216</controlfield>
         <controlfield tag="008">160216n||az|||||||##########||||||||||||</controlfield>
         <datafield tag="040" ind1=" " ind2=" ">
            <subfield code="a">US-SDu</subfield>
         </datafield>
         <datafield tag="043" ind1=" " ind2=" ">
            <subfield code="c">XD-US</subfield>
         </datafield>
         <datafield tag="110" ind1="2" ind2=" ">
            <subfield code="a">San Diego State University, Malcolm A. Love Library</subfield>
            <subfield code="c">San Diego, CA</subfield>
            <subfield code="g">US-SDu</subfield>
         </datafield>
         <datafield tag="410" ind1="2" ind2=" ">
            <subfield code="a">California State University, San Diego</subfield>
         </datafield>
         <datafield tag="410" ind1="2" ind2=" ">
            <subfield code="a">San Diego State University, Music Department Library</subfield>
         </datafield>
         <datafield tag="410" ind1="2" ind2=" ">
            <subfield code="a">San Diego State College</subfield>
         </datafield>
         <datafield tag="622" ind1=" " ind2=" ">
            <subfield code="e">San Diego State University, Malcolm A., Love Library, US-San Diego, CA 92182, Vereinigte Staaten</subfield>
         </datafield>
      </record>