
      <record>
         <leader>00000nz  a2200169   4500</leader>
         <controlfield tag="001">30003195</controlfield>
         <controlfield tag="003">RISM</controlfield>
         <controlfield tag="005">20160216</controlfield>
         <controlfield tag="008">160216n||az|||||||##########||||||||||||</controlfield>
         <datafield tag="040" ind1=" " ind2=" ">
            <subfield code="a">US-SE</subfield>
         </datafield>
         <datafield tag="043" ind1=" " ind2=" ">
            <subfield code="c">XD-US</subfield>
         </datafield>
         <datafield tag="110" ind1="2" ind2=" ">
            <subfield code="a">Susquehanna University</subfield>
            <subfield code="c">Selinsgrove, PA</subfield>
            <subfield code="g">US-SE</subfield>
         </datafield>
         <datafield tag="410" ind1="2" ind2=" ">
            <subfield code="a">Susquehanna University, Roger M. Blough Learning Center</subfield>
         </datafield>
         <datafield tag="622" ind1=" " ind2=" ">
            <subfield code="e">Susquehanna University, University Ave., US-Selinsgrove, PA, 17870, Vereinigte Staaten</subfield>
         </datafield>
      </record>