
      <record>
         <leader>00000nz  a2200169   4500</leader>
         <controlfield tag="001">30004285</controlfield>
         <controlfield tag="003">RISM</controlfield>
         <controlfield tag="005">20160216</controlfield>
         <controlfield tag="008">160216n||az|||||||##########||||||||||||</controlfield>
         <datafield tag="040" ind1=" " ind2=" ">
            <subfield code="a">US-SFhs</subfield>
         </datafield>
         <datafield tag="043" ind1=" " ind2=" ">
            <subfield code="c">XD-US</subfield>
         </datafield>
         <datafield tag="110" ind1="2" ind2=" ">
            <subfield code="a">California Historical Society Library</subfield>
            <subfield code="c">San Francisco, CA</subfield>
            <subfield code="g">US-SFhs</subfield>
         </datafield>
         <datafield tag="622" ind1=" " ind2=" ">
            <subfield code="e">California Historical Society Library, 2099 Pacific Ave., US-San Francisco, CA, 94109, Vereinigte Staaten</subfield>
         </datafield>
      </record>