
      <record>
         <leader>00000nz  a2200169   4500</leader>
         <controlfield tag="001">30002460</controlfield>
         <controlfield tag="003">RISM</controlfield>
         <controlfield tag="005">20160216</controlfield>
         <controlfield tag="008">160216n||az|||||||##########||||||||||||</controlfield>
         <datafield tag="040" ind1=" " ind2=" ">
            <subfield code="a">US-SFp</subfield>
         </datafield>
         <datafield tag="043" ind1=" " ind2=" ">
            <subfield code="c">XD-US</subfield>
         </datafield>
         <datafield tag="110" ind1="2" ind2=" ">
            <subfield code="a">San Francisco Public Library, Fine Arts Department, Music Division</subfield>
            <subfield code="c">San Francisco, CA</subfield>
            <subfield code="g">US-SFp</subfield>
         </datafield>
         <datafield tag="410" ind1="2" ind2=" ">
            <subfield code="a">San Francisco Public Library, Art and Music Department</subfield>
         </datafield>
         <datafield tag="622" ind1=" " ind2=" ">
            <subfield code="e">San Francisco Public Library, Fine Arts,  Department, Music Division, Civic Center, San Francisco, CA 94102, USA</subfield>
         </datafield>
      </record>