
      <record>
         <leader>00000nz  a2200169   4500</leader>
         <controlfield tag="001">30002462</controlfield>
         <controlfield tag="003">RISM</controlfield>
         <controlfield tag="005">20160216</controlfield>
         <controlfield tag="008">160216n||az|||||||##########||||||||||||</controlfield>
         <datafield tag="040" ind1=" " ind2=" ">
            <subfield code="a">US-SFsc</subfield>
         </datafield>
         <datafield tag="043" ind1=" " ind2=" ">
            <subfield code="c">XD-US</subfield>
         </datafield>
         <datafield tag="110" ind1="2" ind2=" ">
            <subfield code="a">San Francisco State University, Col. Frank V. de Bellis Collection</subfield>
            <subfield code="c">San Francisco, CA</subfield>
            <subfield code="g">US-SFsc</subfield>
         </datafield>
         <datafield tag="410" ind1="2" ind2=" ">
            <subfield code="a">San Francisco State University, J. Paul Leonard Library</subfield>
         </datafield>
         <datafield tag="410" ind1="2" ind2=" ">
            <subfield code="a">State College Library</subfield>
         </datafield>
         <datafield tag="410" ind1="2" ind2=" ">
            <subfield code="a">The Frank V. De Bellis Collection, San Francisco State College</subfield>
         </datafield>
         <datafield tag="622" ind1=" " ind2=" ">
            <subfield code="e">San Francisco State University, Col., Frank V. de Bellis Collection, 1630 Holloway Ave., San Francisco, CA 94132, USA</subfield>
            <subfield code="u">http://www.library.sfsu.edu/</subfield>
         </datafield>
      </record>