
      <record>
         <leader>00000nz  a2200169   4500</leader>
         <controlfield tag="001">30002463</controlfield>
         <controlfield tag="003">RISM</controlfield>
         <controlfield tag="005">20160216</controlfield>
         <controlfield tag="008">160216n||az|||||||##########||||||||||||</controlfield>
         <datafield tag="040" ind1=" " ind2=" ">
            <subfield code="a">US-SHc</subfield>
         </datafield>
         <datafield tag="043" ind1=" " ind2=" ">
            <subfield code="c">XD-US</subfield>
         </datafield>
         <datafield tag="110" ind1="2" ind2=" ">
            <subfield code="a">Mt. Holyoke College</subfield>
            <subfield code="c">South Hadleym, MA</subfield>
            <subfield code="g">US-SHc</subfield>
         </datafield>
         <datafield tag="410" ind1="2" ind2=" ">
            <subfield code="a">Mt. Holyoke College, Music Department Library</subfield>
         </datafield>
         <datafield tag="410" ind1="2" ind2=" ">
            <subfield code="a">Williston Memorial Library, Mount Holyoke College</subfield>
         </datafield>
         <datafield tag="622" ind1=" " ind2=" ">
            <subfield code="e">Mt. Holyoke College, College St., US-South Hadley, MA 01075, Vereinigte Staaten</subfield>
         </datafield>
      </record>