
      <record>
         <leader>00000nz  a2200169   4500</leader>
         <controlfield tag="001">30002464</controlfield>
         <controlfield tag="003">RISM</controlfield>
         <controlfield tag="005">20160216</controlfield>
         <controlfield tag="008">160216n||az|||||||##########||||||||||||</controlfield>
         <datafield tag="040" ind1=" " ind2=" ">
            <subfield code="a">US-SHE</subfield>
         </datafield>
         <datafield tag="043" ind1=" " ind2=" ">
            <subfield code="c">XD-US</subfield>
         </datafield>
         <datafield tag="110" ind1="2" ind2=" ">
            <subfield code="a">Austin College, Arthur Hopkins Library</subfield>
            <subfield code="c">Sherman, TX</subfield>
            <subfield code="g">US-SHE</subfield>
         </datafield>
         <datafield tag="622" ind1=" " ind2=" ">
            <subfield code="e">Austin College, Arthur Hopkins Library, Grand Ave., US-Sherman, TX 75090, Vereinigte Staaten</subfield>
         </datafield>
      </record>