
      <record>
         <leader>00000nz  a2200169   4500</leader>
         <controlfield tag="001">30006045</controlfield>
         <controlfield tag="003">RISM</controlfield>
         <controlfield tag="005">20160216</controlfield>
         <controlfield tag="008">160216n||az|||||||##########||||||||||||</controlfield>
         <datafield tag="040" ind1=" " ind2=" ">
            <subfield code="a">US-SJb</subfield>
         </datafield>
         <datafield tag="043" ind1=" " ind2=" ">
            <subfield code="c">XD-US</subfield>
         </datafield>
         <datafield tag="110" ind1="2" ind2=" ">
            <subfield code="a">Ira F. Brilliant Center for Beethoven Studies, San Jos State University</subfield>
            <subfield code="c">San Jos, CA</subfield>
            <subfield code="g">US-SJb</subfield>
         </datafield>
         <datafield tag="622" ind1=" " ind2=" ">
            <subfield code="e">Ira F. Brilliant Center for Beethoven, Studies, San Jos State University, US-San Jos (Cal.), Vereinigte Staaten</subfield>
         </datafield>
      </record>