
      <record>
         <leader>00000nz  a2200169   4500</leader>
         <controlfield tag="001">30076537</controlfield>
         <controlfield tag="003">RISM</controlfield>
         <controlfield tag="005">20160216</controlfield>
         <controlfield tag="008">160216n||az|||||||##########||||||||||||</controlfield>
         <datafield tag="040" ind1=" " ind2=" ">
            <subfield code="a">US-SJBm</subfield>
         </datafield>
         <datafield tag="043" ind1=" " ind2=" ">
            <subfield code="c">XD-US</subfield>
         </datafield>
         <datafield tag="110" ind1="2" ind2=" ">
            <subfield code="a">Old Mission San Juan Bautista, Museum</subfield>
            <subfield code="c">San Juan Bautista, CA</subfield>
            <subfield code="g">US-SJBm</subfield>
         </datafield>
         <datafield tag="622" ind1=" " ind2=" ">
            <subfield code="e">Old Mission San Juan Bautista, Museum, P.O. Box 400, 406 2nd Street, San Juan Bautista, CA 95045, USA</subfield>
            <subfield code="u">http://www.oldmissionsjb.org</subfield>
         </datafield>
      </record>