
      <record>
         <leader>00000nz  a2200169   4500</leader>
         <controlfield tag="001">30004281</controlfield>
         <controlfield tag="003">RISM</controlfield>
         <controlfield tag="005">20160216</controlfield>
         <controlfield tag="008">160216n||az|||||||##########||||||||||||</controlfield>
         <datafield tag="040" ind1=" " ind2=" ">
            <subfield code="a">US-SL</subfield>
         </datafield>
         <datafield tag="043" ind1=" " ind2=" ">
            <subfield code="c">XD-US</subfield>
         </datafield>
         <datafield tag="110" ind1="2" ind2=" ">
            <subfield code="a">St. Louis University, Pius XII Memorial Library</subfield>
            <subfield code="c">Saint Louis, MO</subfield>
            <subfield code="g">US-SL</subfield>
         </datafield>
         <datafield tag="622" ind1=" " ind2=" ">
            <subfield code="e">St. Louis University, Pius XII Memorial, Library, 3655 W Pine Blvd., US-St. Louis, MO, 63108, Vereinigte Staaten</subfield>
         </datafield>
      </record>