
      <record>
         <leader>00000nz  a2200169   4500</leader>
         <controlfield tag="001">30002471</controlfield>
         <controlfield tag="003">RISM</controlfield>
         <controlfield tag="005">20160216</controlfield>
         <controlfield tag="008">160216n||az|||||||##########||||||||||||</controlfield>
         <datafield tag="040" ind1=" " ind2=" ">
            <subfield code="a">US-SLC</subfield>
         </datafield>
         <datafield tag="043" ind1=" " ind2=" ">
            <subfield code="c">XD-US</subfield>
         </datafield>
         <datafield tag="110" ind1="2" ind2=" ">
            <subfield code="a">University of Utah Library</subfield>
            <subfield code="c">Salt Lake City, UT</subfield>
            <subfield code="g">US-SLC</subfield>
         </datafield>
         <datafield tag="410" ind1="2" ind2=" ">
            <subfield code="a">University of Utah, Marriott Library, Fine Arts Library</subfield>
         </datafield>
         <datafield tag="622" ind1=" " ind2=" ">
            <subfield code="e">University of Utah Library, US-Salt Lake City, UT 84112, Vereinigte Staaten</subfield>
         </datafield>
      </record>