
      <record>
         <leader>00000nz  a2200169   4500</leader>
         <controlfield tag="001">30002465</controlfield>
         <controlfield tag="003">RISM</controlfield>
         <controlfield tag="005">20160216</controlfield>
         <controlfield tag="008">160216n||az|||||||##########||||||||||||</controlfield>
         <datafield tag="040" ind1=" " ind2=" ">
            <subfield code="a">US-SLc</subfield>
         </datafield>
         <datafield tag="043" ind1=" " ind2=" ">
            <subfield code="c">XD-US</subfield>
         </datafield>
         <datafield tag="110" ind1="2" ind2=" ">
            <subfield code="a">Concordia Seminary Library</subfield>
            <subfield code="c">Saint Louis, MO</subfield>
            <subfield code="g">US-SLc</subfield>
         </datafield>
         <datafield tag="410" ind1="2" ind2=" ">
            <subfield code="a">Concordia Seminary</subfield>
         </datafield>
         <datafield tag="622" ind1=" " ind2=" ">
            <subfield code="e">Concordia Seminary Library, 801 De Mun Ave., US-St. Louis, MO 63105, Vereinigte Staaten</subfield>
         </datafield>
      </record>