
      <record>
         <leader>00000nz  a2200169   4500</leader>
         <controlfield tag="001">30004283</controlfield>
         <controlfield tag="003">RISM</controlfield>
         <controlfield tag="005">20160216</controlfield>
         <controlfield tag="008">160216n||az|||||||##########||||||||||||</controlfield>
         <datafield tag="040" ind1=" " ind2=" ">
            <subfield code="a">US-SLClds</subfield>
         </datafield>
         <datafield tag="043" ind1=" " ind2=" ">
            <subfield code="c">XD-US</subfield>
         </datafield>
         <datafield tag="110" ind1="2" ind2=" ">
            <subfield code="a">Church of Jesus Christ of Latter-Day Saints, Historical Department, Library-Archives</subfield>
            <subfield code="c">Salt Lake City, UT</subfield>
            <subfield code="g">US-SLClds</subfield>
         </datafield>
         <datafield tag="622" ind1=" " ind2=" ">
            <subfield code="e">Church of Jesus Christ of Latter-Day, Saints, Historical Department, Library, -Archives, 50 E North Temple St., US-Salt Lake, City, UT 84150, Vereinigte Staaten</subfield>
         </datafield>
      </record>