
      <record>
         <leader>00000nz  a2200169   4500</leader>
         <controlfield tag="001">30004282</controlfield>
         <controlfield tag="003">RISM</controlfield>
         <controlfield tag="005">20160216</controlfield>
         <controlfield tag="008">160216n||az|||||||##########||||||||||||</controlfield>
         <datafield tag="040" ind1=" " ind2=" ">
            <subfield code="a">US-SLtichenor</subfield>
         </datafield>
         <datafield tag="043" ind1=" " ind2=" ">
            <subfield code="c">XD-US</subfield>
         </datafield>
         <datafield tag="110" ind1="2" ind2=" ">
            <subfield code="a">Trebor Tichenor, private collection</subfield>
            <subfield code="c">Saint Louis, MO</subfield>
            <subfield code="g">US-SLtichenor</subfield>
         </datafield>
         <datafield tag="622" ind1=" " ind2=" ">
            <subfield code="e">Trebor Tichenor, private collection, 3801 Federer, US-St. Louis, MO 63116, Vereinigte Staaten</subfield>
         </datafield>
      </record>