
      <record>
         <leader>00000nz  a2200169   4500</leader>
         <controlfield tag="001">30002472</controlfield>
         <controlfield tag="003">RISM</controlfield>
         <controlfield tag="005">20160216</controlfield>
         <controlfield tag="008">160216n||az|||||||##########||||||||||||</controlfield>
         <datafield tag="040" ind1=" " ind2=" ">
            <subfield code="a">US-SM</subfield>
         </datafield>
         <datafield tag="043" ind1=" " ind2=" ">
            <subfield code="c">XD-US</subfield>
         </datafield>
         <datafield tag="110" ind1="2" ind2=" ">
            <subfield code="a">Henry E. Huntington Library &amp; Art Gallery</subfield>
            <subfield code="c">San Marino, CA</subfield>
            <subfield code="g">US-SM</subfield>
         </datafield>
         <datafield tag="622" ind1=" " ind2=" ">
            <subfield code="e">Henry E. Huntington Library &amp; Art, Gallery, S1151 Oxford Rd., San Marino, CA 91108, USA</subfield>
         </datafield>
      </record>