
      <record>
         <leader>00000nz  a2200169   4500</leader>
         <controlfield tag="001">30000302</controlfield>
         <controlfield tag="003">RISM</controlfield>
         <controlfield tag="005">20160216</controlfield>
         <controlfield tag="008">160216n||az|||||||##########||||||||||||</controlfield>
         <datafield tag="040" ind1=" " ind2=" ">
            <subfield code="a">US-Soffenbacher</subfield>
         </datafield>
         <datafield tag="043" ind1=" " ind2=" ">
            <subfield code="c">XD-US</subfield>
         </datafield>
         <datafield tag="110" ind1="2" ind2=" ">
            <subfield code="a">Dr. Eric Offenbacher private collection</subfield>
            <subfield code="c">Seattle, WA</subfield>
            <subfield code="g">US-Soffenbacher</subfield>
         </datafield>
         <datafield tag="580" ind1=" " ind2=" ">
            <subfield code="x">US-CAh</subfield>
            <subfield code="0">30003170</subfield>
         </datafield>
         <datafield tag="580" ind1=" " ind2=" ">
            <subfield code="x">US-CAe</subfield>
            <subfield code="0">30003169</subfield>
         </datafield>
      </record>