
      <record>
         <leader>00000nz  a2200169   4500</leader>
         <controlfield tag="001">30076536</controlfield>
         <controlfield tag="003">RISM</controlfield>
         <controlfield tag="005">20160216</controlfield>
         <controlfield tag="008">160216n||az|||||||##########||||||||||||</controlfield>
         <datafield tag="040" ind1=" " ind2=" ">
            <subfield code="a">US-SOsi</subfield>
         </datafield>
         <datafield tag="043" ind1=" " ind2=" ">
            <subfield code="c">XD-US</subfield>
         </datafield>
         <datafield tag="110" ind1="2" ind2=" ">
            <subfield code="a">Old Mission Santa Ines, Museum</subfield>
            <subfield code="c">Solvang, CA</subfield>
            <subfield code="g">US-SOsi</subfield>
         </datafield>
         <datafield tag="622" ind1=" " ind2=" ">
            <subfield code="e">Old Mission Santa Ines, Museum, P.O. Box 408, 1760 Mission Drive, Solvang, CA 93464, USA</subfield>
            <subfield code="u">http://www.missionsantaines.org</subfield>
         </datafield>
      </record>