
      <record>
         <leader>00000nz  a2200169   4500</leader>
         <controlfield tag="001">30004287</controlfield>
         <controlfield tag="003">RISM</controlfield>
         <controlfield tag="005">20160216</controlfield>
         <controlfield tag="008">160216n||az|||||||##########||||||||||||</controlfield>
         <datafield tag="040" ind1=" " ind2=" ">
            <subfield code="a">US-SOU</subfield>
         </datafield>
         <datafield tag="043" ind1=" " ind2=" ">
            <subfield code="c">XD-US</subfield>
         </datafield>
         <datafield tag="110" ind1="2" ind2=" ">
            <subfield code="a">Duns Scotus College Library</subfield>
            <subfield code="c">Southfield, MI</subfield>
            <subfield code="g">US-SOU</subfield>
         </datafield>
         <datafield tag="622" ind1=" " ind2=" ">
            <subfield code="e">Duns Scotus College Library, 20000 W Nine Mile Rd., US-Southfield,, MI 48075, Vereinigte Staaten</subfield>
         </datafield>
      </record>