
      <record>
         <leader>00000nz  a2200169   4500</leader>
         <controlfield tag="001">30003197</controlfield>
         <controlfield tag="003">RISM</controlfield>
         <controlfield tag="005">20160216</controlfield>
         <controlfield tag="008">160216n||az|||||||##########||||||||||||</controlfield>
         <datafield tag="040" ind1=" " ind2=" ">
            <subfield code="a">US-SPAs</subfield>
         </datafield>
         <datafield tag="043" ind1=" " ind2=" ">
            <subfield code="c">XD-US</subfield>
         </datafield>
         <datafield tag="110" ind1="2" ind2=" ">
            <subfield code="a">St. Paul Seminary Library</subfield>
            <subfield code="c">Saint Paul, MN</subfield>
            <subfield code="g">US-SPAs</subfield>
         </datafield>
         <datafield tag="410" ind1="2" ind2=" ">
            <subfield code="a">The Saint Paul Seminary, John Ireland Memorial Library</subfield>
         </datafield>
         <datafield tag="622" ind1=" " ind2=" ">
            <subfield code="e">St. Paul Seminary Library, 2260 Summit Ave., US-St. Paul, MN 55105, Vereinigte Staaten</subfield>
         </datafield>
      </record>