
      <record>
         <leader>00000nz  a2200169   4500</leader>
         <controlfield tag="001">30078028</controlfield>
         <controlfield tag="003">RISM</controlfield>
         <controlfield tag="005">20160216</controlfield>
         <controlfield tag="008">160216n||az|||||||##########||||||||||||</controlfield>
         <datafield tag="040" ind1=" " ind2=" ">
            <subfield code="a">US-SPAsc</subfield>
         </datafield>
         <datafield tag="043" ind1=" " ind2=" ">
            <subfield code="c">US</subfield>
         </datafield>
         <datafield tag="110" ind1="2" ind2=" ">
            <subfield code="a">The Schubert Club Museum, Gilman Ordway Manuscript Collection</subfield>
            <subfield code="c">Saint Paul, MN</subfield>
            <subfield code="g">US-SPAsc</subfield>
         </datafield>
         <datafield tag="622" ind1=" " ind2=" ">
            <subfield code="e">The Schubert Club Museum, Gilman Ordway,  Manuscript Collection, 75 W 5th Street, 302 Landmark Center, Saint Paul, MN 55102, USA</subfield>
            <subfield code="u">http://www.schubert.org/index.php</subfield>
         </datafield>
      </record>