
      <record>
         <leader>00000nz  a2200169   4500</leader>
         <controlfield tag="001">30004290</controlfield>
         <controlfield tag="003">RISM</controlfield>
         <controlfield tag="005">20160216</controlfield>
         <controlfield tag="008">160216n||az|||||||##########||||||||||||</controlfield>
         <datafield tag="040" ind1=" " ind2=" ">
            <subfield code="a">US-SPF</subfield>
         </datafield>
         <datafield tag="043" ind1=" " ind2=" ">
            <subfield code="c">XD-US</subfield>
         </datafield>
         <datafield tag="110" ind1="2" ind2=" ">
            <subfield code="a">Springfield-Greene County Library</subfield>
            <subfield code="c">Springfield, MO</subfield>
            <subfield code="g">US-SPF</subfield>
         </datafield>
         <datafield tag="622" ind1=" " ind2=" ">
            <subfield code="e">Springfield-Greene County Library, P. O. Box 737, US-Springfield, MO 65801, Vereinigte Staaten</subfield>
         </datafield>
      </record>