
      <record>
         <leader>00000nz  a2200169   4500</leader>
         <controlfield tag="001">30004289</controlfield>
         <controlfield tag="003">RISM</controlfield>
         <controlfield tag="005">20160216</controlfield>
         <controlfield tag="008">160216n||az|||||||##########||||||||||||</controlfield>
         <datafield tag="040" ind1=" " ind2=" ">
            <subfield code="a">US-SPGhs</subfield>
         </datafield>
         <datafield tag="043" ind1=" " ind2=" ">
            <subfield code="c">XD-US</subfield>
         </datafield>
         <datafield tag="110" ind1="2" ind2=" ">
            <subfield code="a">Illinois State Historical Library</subfield>
            <subfield code="c">Springfield, IL</subfield>
            <subfield code="g">US-SPGhs</subfield>
         </datafield>
         <datafield tag="622" ind1=" " ind2=" ">
            <subfield code="e">Illinois State Historical Library, Old State Capitol, US-Springfield, IL, 62706, Vereinigte Staaten</subfield>
         </datafield>
      </record>