
      <record>
         <leader>00000nz  a2200169   4500</leader>
         <controlfield tag="001">30079209</controlfield>
         <controlfield tag="003">RISM</controlfield>
         <controlfield tag="005">20160216</controlfield>
         <controlfield tag="008">160216n||az|||||||##########||||||||||||</controlfield>
         <datafield tag="040" ind1=" " ind2=" ">
            <subfield code="a">US-SPwc</subfield>
         </datafield>
         <datafield tag="043" ind1=" " ind2=" ">
            <subfield code="c">US</subfield>
         </datafield>
         <datafield tag="110" ind1="2" ind2=" ">
            <subfield code="a">Whitworth College: Harriet Cheney Cowles Memorial Library</subfield>
            <subfield code="c">Spokane</subfield>
            <subfield code="g">US-SPwc</subfield>
         </datafield>
         <datafield tag="622" ind1=" " ind2=" ">
            <subfield code="e">Whitworth College: Harriet Cheney Cowles,  Memorial Library, 300 West Hawthorne Road, Spokane, WA 99251-0901, USA</subfield>
            <subfield code="u">http://www.whitworth.edu/Library/Index.aspx</subfield>
         </datafield>
      </record>