
      <record>
         <leader>00000nz  a2200169   4500</leader>
         <controlfield tag="001">30004286</controlfield>
         <controlfield tag="003">RISM</controlfield>
         <controlfield tag="005">20160216</controlfield>
         <controlfield tag="008">160216n||az|||||||##########||||||||||||</controlfield>
         <datafield tag="040" ind1=" " ind2=" ">
            <subfield code="a">US-SR</subfield>
         </datafield>
         <datafield tag="043" ind1=" " ind2=" ">
            <subfield code="c">XD-US</subfield>
         </datafield>
         <datafield tag="110" ind1="2" ind2=" ">
            <subfield code="a">American Music Research Center, Dominican College</subfield>
            <subfield code="c">San Rafael, CA</subfield>
            <subfield code="g">US-SR</subfield>
         </datafield>
         <datafield tag="622" ind1=" " ind2=" ">
            <subfield code="e">American Music Research Center,, Dominican College, US-San Rafael, CA 94901, Vereinigte Staaten</subfield>
         </datafield>
      </record>