
      <record>
         <leader>00000nz  a2200169   4500</leader>
         <controlfield tag="001">30002476</controlfield>
         <controlfield tag="003">RISM</controlfield>
         <controlfield tag="005">20160216</controlfield>
         <controlfield tag="008">160216n||az|||||||##########||||||||||||</controlfield>
         <datafield tag="040" ind1=" " ind2=" ">
            <subfield code="a">US-SSburchuk</subfield>
         </datafield>
         <datafield tag="043" ind1=" " ind2=" ">
            <subfield code="c">XD-US</subfield>
         </datafield>
         <datafield tag="110" ind1="2" ind2=" ">
            <subfield code="a">Mr. and Mrs. David Burchuk private collection</subfield>
            <subfield code="c">Silver Spring, MD</subfield>
            <subfield code="g">US-SSburchuk</subfield>
         </datafield>
         <datafield tag="410" ind1="2" ind2=" ">
            <subfield code="a">Mrs. Rhoda Lee Burchuk, private collection</subfield>
         </datafield>
         <datafield tag="622" ind1=" " ind2=" ">
            <subfield code="e">Mr. and Mrs. David Burchuk private, collection, 710 Milestone Dr., US-Silver Spring, MD, 20910, Vereinigte Staaten</subfield>
         </datafield>
      </record>