
      <record>
         <leader>00000nz  a2200169   4500</leader>
         <controlfield tag="001">30002477</controlfield>
         <controlfield tag="003">RISM</controlfield>
         <controlfield tag="005">20160216</controlfield>
         <controlfield tag="008">160216n||az|||||||##########||||||||||||</controlfield>
         <datafield tag="040" ind1=" " ind2=" ">
            <subfield code="a">US-STB</subfield>
         </datafield>
         <datafield tag="043" ind1=" " ind2=" ">
            <subfield code="c">XD-US</subfield>
         </datafield>
         <datafield tag="110" ind1="2" ind2=" ">
            <subfield code="a">Old Sturbridge Village Research Library</subfield>
            <subfield code="c">Sturbridge, MA</subfield>
            <subfield code="g">US-STB</subfield>
         </datafield>
         <datafield tag="622" ind1=" " ind2=" ">
            <subfield code="e">Old Sturbridge Village Research Library, 1 Old Sturbridge Village Road, Sturbridge, MA 01566, USA</subfield>
            <subfield code="u">http://www.osv.org</subfield>
         </datafield>
      </record>