
      <record>
         <leader>00000nz  a2200169   4500</leader>
         <controlfield tag="001">30002478</controlfield>
         <controlfield tag="003">RISM</controlfield>
         <controlfield tag="005">20160216</controlfield>
         <controlfield tag="008">160216n||az|||||||##########||||||||||||</controlfield>
         <datafield tag="040" ind1=" " ind2=" ">
            <subfield code="a">US-STEdrachman</subfield>
         </datafield>
         <datafield tag="043" ind1=" " ind2=" ">
            <subfield code="c">XD-US</subfield>
         </datafield>
         <datafield tag="110" ind1="2" ind2=" ">
            <subfield code="a">Mrs. Jephta Drachman private collection</subfield>
            <subfield code="c">Stevenson, MD</subfield>
            <subfield code="g">US-STEdrachman</subfield>
         </datafield>
         <datafield tag="410" ind1="2" ind2=" ">
            <subfield code="a">Mrs. P. C. Drachman private collection</subfield>
         </datafield>
         <datafield tag="622" ind1=" " ind2=" ">
            <subfield code="e">Mrs. Jephta Drachman private collection, Stewart Rd., Stevenson, MD 21153, USA</subfield>
         </datafield>
      </record>