
      <record>
         <leader>00000nz  a2200169   4500</leader>
         <controlfield tag="001">30004292</controlfield>
         <controlfield tag="003">RISM</controlfield>
         <controlfield tag="005">20160216</controlfield>
         <controlfield tag="008">160216n||az|||||||##########||||||||||||</controlfield>
         <datafield tag="040" ind1=" " ind2=" ">
            <subfield code="a">US-STO</subfield>
         </datafield>
         <datafield tag="043" ind1=" " ind2=" ">
            <subfield code="c">XD-US</subfield>
         </datafield>
         <datafield tag="110" ind1="2" ind2=" ">
            <subfield code="a">State University of New York at Stony Brook, Frank Melville Jr. Memorial Library</subfield>
            <subfield code="c">Stony Brook, NY</subfield>
            <subfield code="g">US-STO</subfield>
         </datafield>
         <datafield tag="622" ind1=" " ind2=" ">
            <subfield code="e">State University of New York at Stony, Brook, Frank Melville Jr. Memorial, Library, US-Stony Brook, NY 11794, Vereinigte Staaten</subfield>
         </datafield>
      </record>