
      <record>
         <leader>00000nz  a2200169   4500</leader>
         <controlfield tag="001">30000305</controlfield>
         <controlfield tag="003">RISM</controlfield>
         <controlfield tag="005">20160216</controlfield>
         <controlfield tag="008">160216n||az|||||||##########||||||||||||</controlfield>
         <datafield tag="040" ind1=" " ind2=" ">
            <subfield code="a">US-STu</subfield>
         </datafield>
         <datafield tag="043" ind1=" " ind2=" ">
            <subfield code="c">XD-US</subfield>
         </datafield>
         <datafield tag="110" ind1="2" ind2=" ">
            <subfield code="a">Stanford University, Green Library, Department of Special Collections</subfield>
            <subfield code="c">Stanford, CA</subfield>
            <subfield code="g">US-STu</subfield>
         </datafield>
         <datafield tag="410" ind1="2" ind2=" ">
            <subfield code="a">Memorial Library of Music, Stanford University</subfield>
         </datafield>
         <datafield tag="622" ind1=" " ind2=" ">
            <subfield code="u">http://library.stanford.edu/depts/green/</subfield>
         </datafield>
      </record>