
      <record>
         <leader>00000nz  a2200169   4500</leader>
         <controlfield tag="001">30004291</controlfield>
         <controlfield tag="003">RISM</controlfield>
         <controlfield tag="005">20160216</controlfield>
         <controlfield tag="008">160216n||az|||||||##########||||||||||||</controlfield>
         <datafield tag="040" ind1=" " ind2=" ">
            <subfield code="a">US-STua</subfield>
         </datafield>
         <datafield tag="043" ind1=" " ind2=" ">
            <subfield code="c">XD-US</subfield>
         </datafield>
         <datafield tag="110" ind1="2" ind2=" ">
            <subfield code="a">Stanford Archive of Recorded Sound</subfield>
            <subfield code="c">Stanford, CA</subfield>
            <subfield code="g">US-STua</subfield>
         </datafield>
         <datafield tag="622" ind1=" " ind2=" ">
            <subfield code="e">Stanford Archive of Recorded Sound, The Knoll, US-Stanford, CA 94305, Vereinigte Staaten</subfield>
         </datafield>
      </record>