
      <record>
         <leader>00000nz  a2200169   4500</leader>
         <controlfield tag="001">30005713</controlfield>
         <controlfield tag="003">RISM</controlfield>
         <controlfield tag="005">20160216</controlfield>
         <controlfield tag="008">160216n||az|||||||##########||||||||||||</controlfield>
         <datafield tag="040" ind1=" " ind2=" ">
            <subfield code="a">US-STum</subfield>
         </datafield>
         <datafield tag="043" ind1=" " ind2=" ">
            <subfield code="c">XD-US</subfield>
         </datafield>
         <datafield tag="110" ind1="2" ind2=" ">
            <subfield code="a">Stanford University, Music Library</subfield>
            <subfield code="c">Stanford, CA</subfield>
            <subfield code="g">US-STum</subfield>
         </datafield>
         <datafield tag="410" ind1="2" ind2=" ">
            <subfield code="a">Music Library, Stanford University</subfield>
         </datafield>
         <datafield tag="410" ind1="2" ind2=" ">
            <subfield code="a">Stanford University, Music Library, Division of Humanities &amp; Social Sciences</subfield>
         </datafield>
         <datafield tag="410" ind1="2" ind2=" ">
            <subfield code="a">Stanford University, Division of Humanities &amp; Social Sciences, Music Library</subfield>
         </datafield>
         <datafield tag="622" ind1=" " ind2=" ">
            <subfield code="e">Stanford University, Music Library, Braun Music Center, US-Stanford CA, 94305-3076, Vereinigte Staaten</subfield>
         </datafield>
      </record>