
      <record>
         <leader>00000nz  a2200169   4500</leader>
         <controlfield tag="001">30002456</controlfield>
         <controlfield tag="003">RISM</controlfield>
         <controlfield tag="005">20160216</controlfield>
         <controlfield tag="008">160216n||az|||||||##########||||||||||||</controlfield>
         <datafield tag="040" ind1=" " ind2=" ">
            <subfield code="a">US-Su</subfield>
         </datafield>
         <datafield tag="043" ind1=" " ind2=" ">
            <subfield code="c">XD-US</subfield>
         </datafield>
         <datafield tag="110" ind1="2" ind2=" ">
            <subfield code="a">University of Washington, Music Library</subfield>
            <subfield code="c">Seattle, WA</subfield>
            <subfield code="g">US-Su</subfield>
         </datafield>
         <datafield tag="622" ind1=" " ind2=" ">
            <subfield code="e">University of Washington, Music Library, P.O. Box 353450, 113 Music Building, Seattle, WA 98195-3450, USA</subfield>
            <subfield code="u">http://www.lib.washington.edu/</subfield>
         </datafield>
      </record>