
      <record>
         <leader>00000nz  a2200169   4500</leader>
         <controlfield tag="001">30002479</controlfield>
         <controlfield tag="003">RISM</controlfield>
         <controlfield tag="005">20160216</controlfield>
         <controlfield tag="008">160216n||az|||||||##########||||||||||||</controlfield>
         <datafield tag="040" ind1=" " ind2=" ">
            <subfield code="a">US-SW</subfield>
         </datafield>
         <datafield tag="043" ind1=" " ind2=" ">
            <subfield code="c">XD-US</subfield>
         </datafield>
         <datafield tag="110" ind1="2" ind2=" ">
            <subfield code="a">Swarthmore College Library</subfield>
            <subfield code="c">Swarthmore, PA</subfield>
            <subfield code="g">US-SW</subfield>
         </datafield>
         <datafield tag="410" ind1="2" ind2=" ">
            <subfield code="a">Swarthmore College, Daniel Underhill Music Library</subfield>
         </datafield>
         <datafield tag="622" ind1=" " ind2=" ">
            <subfield code="e">Swarthmore College Library, US-Swarthmore, PA 19081, Vereinigte Staaten</subfield>
         </datafield>
      </record>