
      <record>
         <leader>00000nz  a2200169   4500</leader>
         <controlfield tag="001">30002480</controlfield>
         <controlfield tag="003">RISM</controlfield>
         <controlfield tag="005">20160216</controlfield>
         <controlfield tag="008">160216n||az|||||||##########||||||||||||</controlfield>
         <datafield tag="040" ind1=" " ind2=" ">
            <subfield code="a">US-SY</subfield>
         </datafield>
         <datafield tag="043" ind1=" " ind2=" ">
            <subfield code="c">XD-US</subfield>
         </datafield>
         <datafield tag="110" ind1="2" ind2=" ">
            <subfield code="a">Syracuse University Music Library</subfield>
            <subfield code="c">Syracuse, NY</subfield>
            <subfield code="g">US-SY</subfield>
         </datafield>
         <datafield tag="410" ind1="2" ind2=" ">
            <subfield code="a">Syracuse University, Ernest S. Bird Library, Music Collection, Fine Arts Department</subfield>
         </datafield>
         <datafield tag="410" ind1="2" ind2=" ">
            <subfield code="a">University Music Library and George Arents Research Library</subfield>
         </datafield>
         <datafield tag="410" ind1="2" ind2=" ">
            <subfield code="a">Syracuse University Library</subfield>
         </datafield>
         <datafield tag="622" ind1=" " ind2=" ">
            <subfield code="e">Syracuse University Music Library, Room 214, US-Syracuse, NY 13210, Vereinigte Staaten</subfield>
         </datafield>
      </record>