
      <record>
         <leader>00000nz  a2200169   4500</leader>
         <controlfield tag="001">30004296</controlfield>
         <controlfield tag="003">RISM</controlfield>
         <controlfield tag="005">20160216</controlfield>
         <controlfield tag="008">160216n||az|||||||##########||||||||||||</controlfield>
         <datafield tag="040" ind1=" " ind2=" ">
            <subfield code="a">US-SYa</subfield>
         </datafield>
         <datafield tag="043" ind1=" " ind2=" ">
            <subfield code="c">XD-US</subfield>
         </datafield>
         <datafield tag="110" ind1="2" ind2=" ">
            <subfield code="a">Syracuse University, Audio Archives and Thomas A. Edison Re-Recording Laboratory</subfield>
            <subfield code="c">Syracuse, NY</subfield>
            <subfield code="g">US-SYa</subfield>
         </datafield>
         <datafield tag="622" ind1=" " ind2=" ">
            <subfield code="e">Syracuse University, Audio Archives and, Thomas A. Edison Re-Recording Laboratory, 1009 A E Water St., US-Syracuse, NY, 13210, Vereinigte Staaten</subfield>
         </datafield>
      </record>