
      <record>
         <leader>00000nz  a2200169   4500</leader>
         <controlfield tag="001">30077297</controlfield>
         <controlfield tag="003">RISM</controlfield>
         <controlfield tag="005">20160216</controlfield>
         <controlfield tag="008">160216n||az|||||||##########||||||||||||</controlfield>
         <datafield tag="040" ind1=" " ind2=" ">
            <subfield code="a">US-SYpl</subfield>
         </datafield>
         <datafield tag="043" ind1=" " ind2=" ">
            <subfield code="c">US</subfield>
         </datafield>
         <datafield tag="110" ind1="2" ind2=" ">
            <subfield code="a">Onondaga County Public Library</subfield>
            <subfield code="c">Syracuse</subfield>
            <subfield code="g">US-SYpl</subfield>
         </datafield>
         <datafield tag="622" ind1=" " ind2=" ">
            <subfield code="e">Onondaga County Public Library, The Galleries of Syracuse, 447 South Salina Street, Syracuse, NY 13202-2494, USA</subfield>
            <subfield code="u">http://www.onlib.org/</subfield>
         </datafield>
      </record>