
      <record>
         <leader>00000nz  a2200169   4500</leader>
         <controlfield tag="001">30002484</controlfield>
         <controlfield tag="003">RISM</controlfield>
         <controlfield tag="005">20160216</controlfield>
         <controlfield tag="008">160216n||az|||||||##########||||||||||||</controlfield>
         <datafield tag="040" ind1=" " ind2=" ">
            <subfield code="a">US-TA</subfield>
         </datafield>
         <datafield tag="043" ind1=" " ind2=" ">
            <subfield code="c">XD-US</subfield>
         </datafield>
         <datafield tag="110" ind1="2" ind2=" ">
            <subfield code="a">Florida State University, Robert Manning Strozier Library</subfield>
            <subfield code="c">Tallahassee, FL</subfield>
            <subfield code="g">US-TA</subfield>
         </datafield>
         <datafield tag="410" ind1="2" ind2=" ">
            <subfield code="a">Florida State University, Warren D. Allen Music Library</subfield>
         </datafield>
         <datafield tag="410" ind1="2" ind2=" ">
            <subfield code="a">Florida State University Library</subfield>
         </datafield>
         <datafield tag="622" ind1=" " ind2=" ">
            <subfield code="e">Florida State University, Robert, Manning Strozier Library, US-Tallahassee, FL 32306, Vereinigte Staaten</subfield>
         </datafield>
      </record>