
      <record>
         <leader>00000nz  a2200169   4500</leader>
         <controlfield tag="001">30002483</controlfield>
         <controlfield tag="003">RISM</controlfield>
         <controlfield tag="005">20160216</controlfield>
         <controlfield tag="008">160216n||az|||||||##########||||||||||||</controlfield>
         <datafield tag="040" ind1=" " ind2=" ">
            <subfield code="a">US-Tm</subfield>
         </datafield>
         <datafield tag="043" ind1=" " ind2=" ">
            <subfield code="c">XD-US</subfield>
         </datafield>
         <datafield tag="110" ind1="2" ind2=" ">
            <subfield code="a">Toledo Museum of Art Library</subfield>
            <subfield code="c">Toledo, OH</subfield>
            <subfield code="g">US-Tm</subfield>
         </datafield>
         <datafield tag="410" ind1="2" ind2=" ">
            <subfield code="a">Toledo Museum of Art, Reference Library, Music Department</subfield>
         </datafield>
         <datafield tag="410" ind1="2" ind2=" ">
            <subfield code="a">Toledo Museum of Art</subfield>
         </datafield>
         <datafield tag="410" ind1="2" ind2=" ">
            <subfield code="a">Museum of Art Library</subfield>
         </datafield>
         <datafield tag="410" ind1="2" ind2=" ">
            <subfield code="a">Museum of art</subfield>
         </datafield>
         <datafield tag="622" ind1=" " ind2=" ">
            <subfield code="e">Toledo Museum of Art Library, 2445 Monroe St., mail address: P. O., Box 1013, US-Toledo, OH 43697, Vereinigte Staaten</subfield>
         </datafield>
      </record>