
      <record>
         <leader>00000nz  a2200169   4500</leader>
         <controlfield tag="001">30004297</controlfield>
         <controlfield tag="003">RISM</controlfield>
         <controlfield tag="005">20160216</controlfield>
         <controlfield tag="008">160216n||az|||||||##########||||||||||||</controlfield>
         <datafield tag="040" ind1=" " ind2=" ">
            <subfield code="a">US-TOhs</subfield>
         </datafield>
         <datafield tag="043" ind1=" " ind2=" ">
            <subfield code="c">XD-US</subfield>
         </datafield>
         <datafield tag="110" ind1="2" ind2=" ">
            <subfield code="a">Kansas State Historical Society Library</subfield>
            <subfield code="c">Topeka, KS</subfield>
            <subfield code="g">US-TOhs</subfield>
         </datafield>
         <datafield tag="622" ind1=" " ind2=" ">
            <subfield code="e">Kansas State Historical Society Library, 120 W 10th St., US-Topeka, KS 66612, Vereinigte Staaten</subfield>
         </datafield>
      </record>