
      <record>
         <leader>00000nz  a2200169   4500</leader>
         <controlfield tag="001">30002485</controlfield>
         <controlfield tag="003">RISM</controlfield>
         <controlfield tag="005">20160216</controlfield>
         <controlfield tag="008">160216n||az|||||||##########||||||||||||</controlfield>
         <datafield tag="040" ind1=" " ind2=" ">
            <subfield code="a">US-TU</subfield>
         </datafield>
         <datafield tag="043" ind1=" " ind2=" ">
            <subfield code="c">XD-US</subfield>
         </datafield>
         <datafield tag="110" ind1="2" ind2=" ">
            <subfield code="a">Gilcrease Institute</subfield>
            <subfield code="c">Tulsa, OK</subfield>
            <subfield code="g">US-TU</subfield>
         </datafield>
         <datafield tag="410" ind1="2" ind2=" ">
            <subfield code="a">Thomas Gilcrease Institute of American History and Art Library</subfield>
         </datafield>
         <datafield tag="622" ind1=" " ind2=" ">
            <subfield code="e">Gilcrease Institute, 2500 W Newton, mail address: Rt. 6, US, -Tulsa, OK 74127, Vereinigte Staaten</subfield>
         </datafield>
      </record>