
      <record>
         <leader>00000nz  a2200169   4500</leader>
         <controlfield tag="001">30000306</controlfield>
         <controlfield tag="003">RISM</controlfield>
         <controlfield tag="005">20160216</controlfield>
         <controlfield tag="008">160216n||az|||||||##########||||||||||||</controlfield>
         <datafield tag="040" ind1=" " ind2=" ">
            <subfield code="a">US-U</subfield>
         </datafield>
         <datafield tag="043" ind1=" " ind2=" ">
            <subfield code="c">XD-US</subfield>
         </datafield>
         <datafield tag="110" ind1="2" ind2=" ">
            <subfield code="a">University of Illinois at Urbana-Champaign, Music Library</subfield>
            <subfield code="c">Urbana, IL</subfield>
            <subfield code="g">US-U</subfield>
         </datafield>
         <datafield tag="622" ind1=" " ind2=" ">
            <subfield code="e">University of Illinois at Urbana, -Champaign, Music Library, 2136 Music Bldg., 1114 W Nevada, Urbana, IL 61801, USA</subfield>
         </datafield>
      </record>