
      <record>
         <leader>00000nz  a2200169   4500</leader>
         <controlfield tag="001">30003199</controlfield>
         <controlfield tag="003">RISM</controlfield>
         <controlfield tag="005">20160216</controlfield>
         <controlfield tag="008">160216n||az|||||||##########||||||||||||</controlfield>
         <datafield tag="040" ind1=" " ind2=" ">
            <subfield code="a">US-UN</subfield>
         </datafield>
         <datafield tag="043" ind1=" " ind2=" ">
            <subfield code="c">XD-US</subfield>
         </datafield>
         <datafield tag="110" ind1="2" ind2=" ">
            <subfield code="a">University of Alabama Library</subfield>
            <subfield code="c">University, AL</subfield>
            <subfield code="g">US-UN</subfield>
         </datafield>
         <datafield tag="410" ind1="2" ind2=" ">
            <subfield code="a">University of Alabama, Amelia Gayle Gorgas Library</subfield>
         </datafield>
         <datafield tag="622" ind1=" " ind2=" ">
            <subfield code="e">University of Alabama Library, US-University, AL 35486, Vereinigte Staaten</subfield>
         </datafield>
      </record>