
      <record>
         <leader>00000nz  a2200169   4500</leader>
         <controlfield tag="001">30002491</controlfield>
         <controlfield tag="003">RISM</controlfield>
         <controlfield tag="005">20160216</controlfield>
         <controlfield tag="008">160216n||az|||||||##########||||||||||||</controlfield>
         <datafield tag="040" ind1=" " ind2=" ">
            <subfield code="a">US-UP</subfield>
         </datafield>
         <datafield tag="043" ind1=" " ind2=" ">
            <subfield code="c">XD-US</subfield>
         </datafield>
         <datafield tag="110" ind1="2" ind2=" ">
            <subfield code="a">The Pennsylvania State University Library</subfield>
            <subfield code="c">University Park, PA</subfield>
            <subfield code="g">US-UP</subfield>
         </datafield>
         <datafield tag="410" ind1="2" ind2=" ">
            <subfield code="a">Pennsylvania State University, Fred Lewis Pattee Library, Arts Library</subfield>
         </datafield>
         <datafield tag="410" ind1="2" ind2=" ">
            <subfield code="a">Pennsylvania State College</subfield>
         </datafield>
         <datafield tag="622" ind1=" " ind2=" ">
            <subfield code="e">The Pennsylvania State University, Library, 405 East Pattee Library, US-University, Park, PA 16802, Vereinigte Staaten</subfield>
         </datafield>
      </record>