
      <record>
         <leader>00000nz  a2200169   4500</leader>
         <controlfield tag="001">30002500</controlfield>
         <controlfield tag="003">RISM</controlfield>
         <controlfield tag="005">20160216</controlfield>
         <controlfield tag="008">160216n||az|||||||##########||||||||||||</controlfield>
         <datafield tag="040" ind1=" " ind2=" ">
            <subfield code="a">US-WA</subfield>
         </datafield>
         <datafield tag="043" ind1=" " ind2=" ">
            <subfield code="c">XD-US</subfield>
         </datafield>
         <datafield tag="110" ind1="2" ind2=" ">
            <subfield code="a">Perkins School for the Blind</subfield>
            <subfield code="c">Watertown, MA</subfield>
            <subfield code="g">US-WA</subfield>
         </datafield>
         <datafield tag="410" ind1="2" ind2=" ">
            <subfield code="a">Perkins School for the Blind, Samuel P. Hayes Research Library</subfield>
         </datafield>
         <datafield tag="410" ind1="2" ind2=" ">
            <subfield code="a">Perkins School for the Blind, Gardiner Music Library</subfield>
         </datafield>
         <datafield tag="410" ind1="2" ind2=" ">
            <subfield code="a">The Perkins Institute for the Blind</subfield>
         </datafield>
         <datafield tag="622" ind1=" " ind2=" ">
            <subfield code="e">Perkins School for the Blind, 175 N Beacon St., Watertown, MA 02172, USA</subfield>
         </datafield>
      </record>