
      <record>
         <leader>00000nz  a2200169   4500</leader>
         <controlfield tag="001">30003204</controlfield>
         <controlfield tag="003">RISM</controlfield>
         <controlfield tag="005">20160216</controlfield>
         <controlfield tag="008">160216n||az|||||||##########||||||||||||</controlfield>
         <datafield tag="040" ind1=" " ind2=" ">
            <subfield code="a">US-WB</subfield>
         </datafield>
         <datafield tag="043" ind1=" " ind2=" ">
            <subfield code="c">XD-US</subfield>
         </datafield>
         <datafield tag="110" ind1="2" ind2=" ">
            <subfield code="a">Wilkes College Library</subfield>
            <subfield code="c">Wilkes-Barre, PA</subfield>
            <subfield code="g">US-WB</subfield>
         </datafield>
         <datafield tag="410" ind1="2" ind2=" ">
            <subfield code="a">Wilkes College, Eugene Shedden Farley Library</subfield>
         </datafield>
         <datafield tag="622" ind1=" " ind2=" ">
            <subfield code="e">Wilkes College Library, Wilkes-Barre, PA 18703, USA</subfield>
         </datafield>
      </record>