
      <record>
         <leader>00000nz  a2200169   4500</leader>
         <controlfield tag="001">30002492</controlfield>
         <controlfield tag="003">RISM</controlfield>
         <controlfield tag="005">20160216</controlfield>
         <controlfield tag="008">160216n||az|||||||##########||||||||||||</controlfield>
         <datafield tag="040" ind1=" " ind2=" ">
            <subfield code="a">US-Wc</subfield>
         </datafield>
         <datafield tag="043" ind1=" " ind2=" ">
            <subfield code="c">XD-US</subfield>
         </datafield>
         <datafield tag="110" ind1="2" ind2=" ">
            <subfield code="a">The Library of Congress, Music Division</subfield>
            <subfield code="c">Washington, D.C.</subfield>
            <subfield code="g">US-Wc</subfield>
         </datafield>
         <datafield tag="622" ind1=" " ind2=" ">
            <subfield code="e">The Library of Congress, Music Division, James Madison Memorial Building, 101 Independence Ave., SE, Washington, D.C. 20540-4710, USA</subfield>
            <subfield code="u">http://www.loc.gov/rr/perform/</subfield>
         </datafield>
      </record>