
      <record>
         <leader>00000nz  a2200169   4500</leader>
         <controlfield tag="001">30002493</controlfield>
         <controlfield tag="003">RISM</controlfield>
         <controlfield tag="005">20160216</controlfield>
         <controlfield tag="008">160216n||az|||||||##########||||||||||||</controlfield>
         <datafield tag="040" ind1=" " ind2=" ">
            <subfield code="a">US-Wca</subfield>
         </datafield>
         <datafield tag="043" ind1=" " ind2=" ">
            <subfield code="c">XD-US</subfield>
         </datafield>
         <datafield tag="110" ind1="2" ind2=" ">
            <subfield code="a">Washington Cathedral Library</subfield>
            <subfield code="c">Washington, D.C.</subfield>
            <subfield code="g">US-Wca</subfield>
         </datafield>
         <datafield tag="622" ind1=" " ind2=" ">
            <subfield code="e">Washington Cathedral Library, Mount Saint Alban NW, Washington, D.C. 20016, USA</subfield>
         </datafield>
      </record>