
      <record>
         <leader>00000nz  a2200169   4500</leader>
         <controlfield tag="001">30004304</controlfield>
         <controlfield tag="003">RISM</controlfield>
         <controlfield tag="005">20160216</controlfield>
         <controlfield tag="008">160216n||az|||||||##########||||||||||||</controlfield>
         <datafield tag="040" ind1=" " ind2=" ">
            <subfield code="a">US-Wcf</subfield>
         </datafield>
         <datafield tag="043" ind1=" " ind2=" ">
            <subfield code="c">XD-US</subfield>
         </datafield>
         <datafield tag="110" ind1="2" ind2=" ">
            <subfield code="a">Library of Congress, American Folklife Center and the Archive of Folk Culture</subfield>
            <subfield code="c">Washington, D.C.</subfield>
            <subfield code="g">US-Wcf</subfield>
         </datafield>
         <datafield tag="622" ind1=" " ind2=" ">
            <subfield code="e">Library of Congress, American Folklife,  Center and the Archive of Folk Culture, Washington, D.C. 20540, USA</subfield>
         </datafield>
      </record>