
      <record>
         <leader>00000nz  a2200169   4500</leader>
         <controlfield tag="001">30002502</controlfield>
         <controlfield tag="003">RISM</controlfield>
         <controlfield tag="005">20160216</controlfield>
         <controlfield tag="008">160216n||az|||||||##########||||||||||||</controlfield>
         <datafield tag="040" ind1=" " ind2=" ">
            <subfield code="a">US-WCH</subfield>
         </datafield>
         <datafield tag="043" ind1=" " ind2=" ">
            <subfield code="c">XD-US</subfield>
         </datafield>
         <datafield tag="110" ind1="2" ind2=" ">
            <subfield code="a">West Chester State College</subfield>
            <subfield code="c">West Chester, PA</subfield>
            <subfield code="g">US-WCH</subfield>
         </datafield>
         <datafield tag="410" ind1="2" ind2=" ">
            <subfield code="a">West Chester State College, Music Division (Swope Hall), Francis Harvey Green Library</subfield>
         </datafield>
         <datafield tag="622" ind1=" " ind2=" ">
            <subfield code="e">West Chester State College, West Chester, PA 19380, USA</subfield>
         </datafield>
      </record>