
      <record>
         <leader>00000nz  a2200169   4500</leader>
         <controlfield tag="001">30004305</controlfield>
         <controlfield tag="003">RISM</controlfield>
         <controlfield tag="005">20160216</controlfield>
         <controlfield tag="008">160216n||az|||||||##########||||||||||||</controlfield>
         <datafield tag="040" ind1=" " ind2=" ">
            <subfield code="a">US-Wcm</subfield>
         </datafield>
         <datafield tag="043" ind1=" " ind2=" ">
            <subfield code="c">XD-US</subfield>
         </datafield>
         <datafield tag="110" ind1="2" ind2=" ">
            <subfield code="a">Library of Congress, Motion Picture, Broadcasting and Recorded Sound Division</subfield>
            <subfield code="c">Washington, D.C.</subfield>
            <subfield code="g">US-Wcm</subfield>
         </datafield>
         <datafield tag="622" ind1=" " ind2=" ">
            <subfield code="e">Library of Congress, Motion Picture,,  Broadcasting and Recorded Sound,  Division, Washington, D.C. 20540, USA</subfield>
         </datafield>
      </record>