
      <record>
         <leader>00000nz  a2200169   4500</leader>
         <controlfield tag="001">30002494</controlfield>
         <controlfield tag="003">RISM</controlfield>
         <controlfield tag="005">20160216</controlfield>
         <controlfield tag="008">160216n||az|||||||##########||||||||||||</controlfield>
         <datafield tag="040" ind1=" " ind2=" ">
            <subfield code="a">US-Wcu</subfield>
         </datafield>
         <datafield tag="043" ind1=" " ind2=" ">
            <subfield code="c">XD-US</subfield>
         </datafield>
         <datafield tag="110" ind1="2" ind2=" ">
            <subfield code="a">Catholic University of America, Music Library</subfield>
            <subfield code="c">Washington, D.C.</subfield>
            <subfield code="g">US-Wcu</subfield>
         </datafield>
         <datafield tag="622" ind1=" " ind2=" ">
            <subfield code="e">Catholic University of America, Music,  Library, Ward Music Bldg., Washington, D.C. 20064, USA</subfield>
         </datafield>
      </record>