
      <record>
         <leader>00000nz  a2200169   4500</leader>
         <controlfield tag="001">30004302</controlfield>
         <controlfield tag="003">RISM</controlfield>
         <controlfield tag="005">20160216</controlfield>
         <controlfield tag="008">160216n||az|||||||##########||||||||||||</controlfield>
         <datafield tag="040" ind1=" " ind2=" ">
            <subfield code="a">US-Wdo</subfield>
         </datafield>
         <datafield tag="043" ind1=" " ind2=" ">
            <subfield code="c">XD-US</subfield>
         </datafield>
         <datafield tag="110" ind1="2" ind2=" ">
            <subfield code="a">Dumbarton Oaks Research Library and Collection</subfield>
            <subfield code="c">Washington, D.C.</subfield>
            <subfield code="g">US-Wdo</subfield>
         </datafield>
         <datafield tag="622" ind1=" " ind2=" ">
            <subfield code="e">Dumbarton Oaks Research Library and,  Collection, 1703 32nd St. NW, Washington, D.C. 20007, USA</subfield>
         </datafield>
      </record>