
      <record>
         <leader>00000nz  a2200169   4500</leader>
         <controlfield tag="001">30002505</controlfield>
         <controlfield tag="003">RISM</controlfield>
         <controlfield tag="005">20160216</controlfield>
         <controlfield tag="008">160216n||az|||||||##########||||||||||||</controlfield>
         <datafield tag="040" ind1=" " ind2=" ">
            <subfield code="a">US-WGc</subfield>
         </datafield>
         <datafield tag="043" ind1=" " ind2=" ">
            <subfield code="c">XD-US</subfield>
         </datafield>
         <datafield tag="110" ind1="2" ind2=" ">
            <subfield code="a">College of William and Mary, Earl Gregg Swem Library</subfield>
            <subfield code="c">Williamsburg, VA</subfield>
            <subfield code="g">US-WGc</subfield>
         </datafield>
         <datafield tag="622" ind1=" " ind2=" ">
            <subfield code="e">College of William and Mary, Earl Gregg,  Swenn Library, Williamsburg, VA 23185, USA</subfield>
         </datafield>
      </record>