
      <record>
         <leader>00000nz  a2200169   4500</leader>
         <controlfield tag="001">30002506</controlfield>
         <controlfield tag="003">RISM</controlfield>
         <controlfield tag="005">20160216</controlfield>
         <controlfield tag="008">160216n||az|||||||##########||||||||||||</controlfield>
         <datafield tag="040" ind1=" " ind2=" ">
            <subfield code="a">US-WGw</subfield>
         </datafield>
         <datafield tag="043" ind1=" " ind2=" ">
            <subfield code="c">XD-US</subfield>
         </datafield>
         <datafield tag="110" ind1="2" ind2=" ">
            <subfield code="a">Colonial Williamsburg Research Department, historical collection</subfield>
            <subfield code="c">Williamsburg, VA</subfield>
            <subfield code="g">US-WGw</subfield>
         </datafield>
         <datafield tag="410" ind1="2" ind2=" ">
            <subfield code="a">Colonial Williamsburg Research Library</subfield>
         </datafield>
         <datafield tag="622" ind1=" " ind2=" ">
            <subfield code="e">Colonial Williamsburg Research,  Department, historical collection, P.O. Box 1776, Williamsburg, VA 23187-1776, USA</subfield>
         </datafield>
      </record>