
      <record>
         <leader>00000nz  a2200169   4500</leader>
         <controlfield tag="001">30000317</controlfield>
         <controlfield tag="003">RISM</controlfield>
         <controlfield tag="005">20160216</controlfield>
         <controlfield tag="008">160216n||az|||||||##########||||||||||||</controlfield>
         <datafield tag="040" ind1=" " ind2=" ">
            <subfield code="a">US-WI</subfield>
         </datafield>
         <datafield tag="043" ind1=" " ind2=" ">
            <subfield code="c">XD-US</subfield>
         </datafield>
         <datafield tag="110" ind1="2" ind2=" ">
            <subfield code="a">Williams College Library</subfield>
            <subfield code="c">Williamstown, MA</subfield>
            <subfield code="g">US-WI</subfield>
         </datafield>
         <datafield tag="410" ind1="2" ind2=" ">
            <subfield code="a">Williams College (Chapin Collection)</subfield>
         </datafield>
         <datafield tag="410" ind1="2" ind2=" ">
            <subfield code="a">Chapin Library, Williams College</subfield>
         </datafield>
         <datafield tag="622" ind1=" " ind2=" ">
            <subfield code="e">Williams College Library, 55 Sawyer Library Drive, Williamstown, MA 01267, USA</subfield>
            <subfield code="u">http://library.williams.edu/</subfield>
         </datafield>
      </record>