
      <record>
         <leader>00000nz  a2200169   4500</leader>
         <controlfield tag="001">30002507</controlfield>
         <controlfield tag="003">RISM</controlfield>
         <controlfield tag="005">20160216</controlfield>
         <controlfield tag="008">160216n||az|||||||##########||||||||||||</controlfield>
         <datafield tag="040" ind1=" " ind2=" ">
            <subfield code="a">US-WIN</subfield>
         </datafield>
         <datafield tag="043" ind1=" " ind2=" ">
            <subfield code="c">XD-US</subfield>
         </datafield>
         <datafield tag="110" ind1="2" ind2=" ">
            <subfield code="a">Winterthur Museum</subfield>
            <subfield code="c">Winterthur, DE</subfield>
            <subfield code="g">US-WIN</subfield>
         </datafield>
         <datafield tag="410" ind1="2" ind2=" ">
            <subfield code="a">Henry Francis Du Pont Winterthur Museum Library</subfield>
         </datafield>
         <datafield tag="622" ind1=" " ind2=" ">
            <subfield code="e">Winterthur Museum, Winterthur, DE 19735, USA</subfield>
         </datafield>
      </record>