
      <record>
         <leader>00000nz  a2200169   4500</leader>
         <controlfield tag="001">30002508</controlfield>
         <controlfield tag="003">RISM</controlfield>
         <controlfield tag="005">20160216</controlfield>
         <controlfield tag="008">160216n||az|||||||##########||||||||||||</controlfield>
         <datafield tag="040" ind1=" " ind2=" ">
            <subfield code="a">US-WL</subfield>
         </datafield>
         <datafield tag="043" ind1=" " ind2=" ">
            <subfield code="c">XD-US</subfield>
         </datafield>
         <datafield tag="110" ind1="2" ind2=" ">
            <subfield code="a">Historical Society of Delaware, Library</subfield>
            <subfield code="c">Wilmington, DE</subfield>
            <subfield code="g">US-WL</subfield>
         </datafield>
         <datafield tag="622" ind1=" " ind2=" ">
            <subfield code="e">Historical Society of Delaware, Library, 505 Market St., Wilmington, DE 19801, USA</subfield>
         </datafield>
      </record>