
      <record>
         <leader>00000nz  a2200169   4500</leader>
         <controlfield tag="001">30002509</controlfield>
         <controlfield tag="003">RISM</controlfield>
         <controlfield tag="005">20160216</controlfield>
         <controlfield tag="008">160216n||az|||||||##########||||||||||||</controlfield>
         <datafield tag="040" ind1=" " ind2=" ">
            <subfield code="a">US-WM</subfield>
         </datafield>
         <datafield tag="043" ind1=" " ind2=" ">
            <subfield code="c">XD-US</subfield>
         </datafield>
         <datafield tag="110" ind1="2" ind2=" ">
            <subfield code="a">Brandeis University Library, Music Library, Goldfarb Library</subfield>
            <subfield code="c">Waltham, MA</subfield>
            <subfield code="g">US-WM</subfield>
         </datafield>
         <datafield tag="410" ind1="2" ind2=" ">
            <subfield code="a">Brandeis University</subfield>
         </datafield>
         <datafield tag="410" ind1="2" ind2=" ">
            <subfield code="a">Brandeis University Library, Goldfarb Library, Music Collection</subfield>
         </datafield>
         <datafield tag="622" ind1=" " ind2=" ">
            <subfield code="e">Brandeis University Library, Music, Library, Goldfarb Library, 415 South St., US-Waltham, MA 02254, Vereinigte Staaten</subfield>
         </datafield>
      </record>