
      <record>
         <leader>00000nz  a2200169   4500</leader>
         <controlfield tag="001">30003206</controlfield>
         <controlfield tag="003">RISM</controlfield>
         <controlfield tag="005">20160216</controlfield>
         <controlfield tag="008">160216n||az|||||||##########||||||||||||</controlfield>
         <datafield tag="040" ind1=" " ind2=" ">
            <subfield code="a">US-WOp</subfield>
         </datafield>
         <datafield tag="043" ind1=" " ind2=" ">
            <subfield code="c">XD-US</subfield>
         </datafield>
         <datafield tag="110" ind1="2" ind2=" ">
            <subfield code="a">The Worcester Public Library</subfield>
            <subfield code="c">Worcester, MA</subfield>
            <subfield code="g">US-WOp</subfield>
         </datafield>
         <datafield tag="410" ind1="2" ind2=" ">
            <subfield code="a">Worcester Public Library and Central Massachusetts Regional Library</subfield>
         </datafield>
         <datafield tag="622" ind1=" " ind2=" ">
            <subfield code="e">The Worcester Public Library, Salem Sq., Worcester, MA 01608, USA</subfield>
         </datafield>
      </record>