
      <record>
         <leader>00000nz  a2200169   4500</leader>
         <controlfield tag="001">30003207</controlfield>
         <controlfield tag="003">RISM</controlfield>
         <controlfield tag="005">20160216</controlfield>
         <controlfield tag="008">160216n||az|||||||##########||||||||||||</controlfield>
         <datafield tag="040" ind1=" " ind2=" ">
            <subfield code="a">US-WP</subfield>
         </datafield>
         <datafield tag="043" ind1=" " ind2=" ">
            <subfield code="c">XD-US</subfield>
         </datafield>
         <datafield tag="110" ind1="2" ind2=" ">
            <subfield code="a">United States Military Academy, Library</subfield>
            <subfield code="c">West Point, NY</subfield>
            <subfield code="g">US-WP</subfield>
         </datafield>
         <datafield tag="622" ind1=" " ind2=" ">
            <subfield code="e">United States Military Academy, Library, West Point, NY 10996, USA</subfield>
         </datafield>
      </record>