
      <record>
         <leader>00000nz  a2200169   4500</leader>
         <controlfield tag="001">30004301</controlfield>
         <controlfield tag="003">RISM</controlfield>
         <controlfield tag="005">20160216</controlfield>
         <controlfield tag="008">160216n||az|||||||##########||||||||||||</controlfield>
         <datafield tag="040" ind1=" " ind2=" ">
            <subfield code="a">US-Wp</subfield>
         </datafield>
         <datafield tag="043" ind1=" " ind2=" ">
            <subfield code="c">XD-US</subfield>
         </datafield>
         <datafield tag="110" ind1="2" ind2=" ">
            <subfield code="a">District of Columbia Public Library, Martin Luther King Memorial Library, Music and Recreation Division</subfield>
            <subfield code="c">Washington, D.C.</subfield>
            <subfield code="g">US-Wp</subfield>
         </datafield>
         <datafield tag="622" ind1=" " ind2=" ">
            <subfield code="e">District of Columbia Public Library,,  Martin Luther King Memorial Library,,  Music and Recreation Division, 901 G St. NW, Washington, D.C. 20001, USA</subfield>
         </datafield>
      </record>