
      <record>
         <leader>00000nz  a2200169   4500</leader>
         <controlfield tag="001">30002512</controlfield>
         <controlfield tag="003">RISM</controlfield>
         <controlfield tag="005">20160216</controlfield>
         <controlfield tag="008">160216n||az|||||||##########||||||||||||</controlfield>
         <datafield tag="040" ind1=" " ind2=" ">
            <subfield code="a">US-WS</subfield>
         </datafield>
         <datafield tag="043" ind1=" " ind2=" ">
            <subfield code="c">XD-US</subfield>
         </datafield>
         <datafield tag="110" ind1="2" ind2=" ">
            <subfield code="a">Moravian Music Foundation, Archie K. Davis Center</subfield>
            <subfield code="c">Winston-Salem, NC</subfield>
            <subfield code="g">US-WS</subfield>
         </datafield>
         <datafield tag="622" ind1=" " ind2=" ">
            <subfield code="e">Moravian Music Foundation, Archie K.,  Davis Center, 457 South Church St, Winston-Salem, NC 27101, USA</subfield>
            <subfield code="u">http://moravianarchives.org/</subfield>
         </datafield>
      </record>