
      <record>
         <leader>00000nz  a2200169   4500</leader>
         <controlfield tag="001">30002499</controlfield>
         <controlfield tag="003">RISM</controlfield>
         <controlfield tag="005">20160216</controlfield>
         <controlfield tag="008">160216n||az|||||||##########||||||||||||</controlfield>
         <datafield tag="040" ind1=" " ind2=" ">
            <subfield code="a">US-Wsi</subfield>
         </datafield>
         <datafield tag="043" ind1=" " ind2=" ">
            <subfield code="c">XD-US</subfield>
         </datafield>
         <datafield tag="110" ind1="2" ind2=" ">
            <subfield code="a">Smithsonian Institution, Music Library</subfield>
            <subfield code="c">Washington, D.C.</subfield>
            <subfield code="g">US-Wsi</subfield>
         </datafield>
         <datafield tag="410" ind1="2" ind2=" ">
            <subfield code="a">Smithsonian Institution, National Museum of History and Technology, Division of Musical Instruments</subfield>
         </datafield>
         <datafield tag="622" ind1=" " ind2=" ">
            <subfield code="e">Smithsonian Institution, Music Library, Washington, D.C. 20560, USA</subfield>
         </datafield>
      </record>