
      <record>
         <leader>00000nz  a2200169   4500</leader>
         <controlfield tag="001">30070408</controlfield>
         <controlfield tag="003">RISM</controlfield>
         <controlfield tag="005">20160216</controlfield>
         <controlfield tag="008">160216n||az|||||||##########||||||||||||</controlfield>
         <datafield tag="040" ind1=" " ind2=" ">
            <subfield code="a">US-WSzsr</subfield>
         </datafield>
         <datafield tag="043" ind1=" " ind2=" ">
            <subfield code="c">XD-US</subfield>
         </datafield>
         <datafield tag="110" ind1="2" ind2=" ">
            <subfield code="a">Wake Forest University, Z. Smith Reynolds Library</subfield>
            <subfield code="c">Winston-Salem, NC</subfield>
            <subfield code="g">US-WSzsr</subfield>
         </datafield>
         <datafield tag="622" ind1=" " ind2=" ">
            <subfield code="e">Wake Forest University, Z. Smith,  Reynolds Library, 1834 Wake Forest Road, Winston-Salem, NC 27106, USA</subfield>
            <subfield code="u">http://zsr.wfu.edu</subfield>
         </datafield>
      </record>