
      <record>
         <leader>00000nz  a2200169   4500</leader>
         <controlfield tag="001">30004306</controlfield>
         <controlfield tag="003">RISM</controlfield>
         <controlfield tag="005">20160216</controlfield>
         <controlfield tag="008">160216n||az|||||||##########||||||||||||</controlfield>
         <datafield tag="040" ind1=" " ind2=" ">
            <subfield code="a">US-WT</subfield>
         </datafield>
         <datafield tag="043" ind1=" " ind2=" ">
            <subfield code="c">XD-US</subfield>
         </datafield>
         <datafield tag="110" ind1="2" ind2=" ">
            <subfield code="a">Jefferson County Historical Society Library</subfield>
            <subfield code="c">Watertown, NY</subfield>
            <subfield code="g">US-WT</subfield>
         </datafield>
         <datafield tag="622" ind1=" " ind2=" ">
            <subfield code="e">Jefferson County Historical Society,  Library, 228 Washington St., Watertown, NY 13601, USA</subfield>
         </datafield>
      </record>