
      <record>
         <leader>00000nz  a2200169   4500</leader>
         <controlfield tag="001">30004307</controlfield>
         <controlfield tag="003">RISM</controlfield>
         <controlfield tag="005">20160216</controlfield>
         <controlfield tag="008">160216n||az|||||||##########||||||||||||</controlfield>
         <datafield tag="040" ind1=" " ind2=" ">
            <subfield code="a">US-Y</subfield>
         </datafield>
         <datafield tag="043" ind1=" " ind2=" ">
            <subfield code="c">XD-US</subfield>
         </datafield>
         <datafield tag="110" ind1="2" ind2=" ">
            <subfield code="a">Historical Society of York County, Library and Archives</subfield>
            <subfield code="c">York, PA</subfield>
            <subfield code="g">US-Y</subfield>
         </datafield>
         <datafield tag="622" ind1=" " ind2=" ">
            <subfield code="e">Historical Society of York County,, Library and Archives, 250 E Market St., US-York, PA 17403, Vereinigte Staaten</subfield>
         </datafield>
      </record>