
      <record>
         <leader>00000nz  a2200169   4500</leader>
         <controlfield tag="001">30005711</controlfield>
         <controlfield tag="003">RISM</controlfield>
         <controlfield tag="005">20160216</controlfield>
         <controlfield tag="008">160216n||az|||||||##########||||||||||||</controlfield>
         <datafield tag="040" ind1=" " ind2=" ">
            <subfield code="a">US-YORhs</subfield>
         </datafield>
         <datafield tag="043" ind1=" " ind2=" ">
            <subfield code="c">XD-US</subfield>
         </datafield>
         <datafield tag="110" ind1="2" ind2=" ">
            <subfield code="a">Old York Historical Society</subfield>
            <subfield code="c">York, ME</subfield>
            <subfield code="g">US-YORhs</subfield>
         </datafield>
         <datafield tag="622" ind1=" " ind2=" ">
            <subfield code="e">Old York Historical Society, York St., York, ME 03909, USA</subfield>
            <subfield code="u">http://www.oldyork.org/</subfield>
         </datafield>
      </record>
   </collection>
 
